Account Number,Post Date,Check,Description,Debit,Credit,Status,Balance,Classification
"L70",3/1/2026,,"AMAZON MKTPLACE 3/4/2026 12:00:00 AM",15.74,,Pending,,""
"L70",2/28/2026,,"VENMO *COURTNEY 3/3/2026 12:00:00 AM",30.90,,Pending,,""
"L70",2/28/2026,,"Wayfair",86.99,,Posted,192.79,"Furnishings"
"L70",2/25/2026,,"Fansly Austin",9.99,,Posted,105.80,"Entertainment"
"L70",2/22/2026,,"Amazon",35.86,,Posted,95.81,"Shopping"
"L70",2/22/2026,,"Kingsisle *wizard101 Plano",59.95,,Posted,59.95,"Shopping"
"L70",2/20/2026,,"Loan Payment from Share 09",,100.89,Posted,.00,"Financial"
"L70",2/20/2026,,"Amazon",10.86,,Posted,100.89,"Shopping"
"L70",2/20/2026,,"Amazon",25.41,,Posted,90.03,"Shopping"
"L70",2/20/2026,,"Amazon",5.96,,Posted,64.62,"Shopping"
"L70",2/15/2026,,"LA Fitness",39.99,,Posted,58.66,"Gym"
"L70",2/10/2026,,"Uber",9.99,,Posted,18.67,"Rental Car &amp; Taxi"
"L70",2/8/2026,,"Amazon",8.68,,Posted,8.68,"Shopping"
"L70",2/6/2026,,"Loan Payment from Share 09",,804.43,Posted,.00,"Financial"
"L70",2/6/2026,,"Wayfair",554.61,,Posted,804.43,"Furnishings"
"L70",2/5/2026,,"Geico",57.79,,Posted,249.82,"Auto Insurance"
"L70",2/3/2026,,"Amazon",14.45,,Posted,192.03,"Shopping"
"L70",2/2/2026,,"Transfer to Venmo",82.40,,Posted,177.58,"Transfer"
"L70",2/2/2026,,"Amazon",7.60,,Posted,95.18,"Shopping"
"L70",2/2/2026,,"Amazon",33.28,,Posted,87.58,"Shopping"
"L70",1/26/2026,,"OpenAI",20.00,,Posted,54.30,"Business Services"
"L70",1/26/2026,,"Walmart",24.31,,Posted,34.30,"Shopping"
"L70",1/25/2026,,"Fansly Austin",9.99,,Posted,9.99,"Entertainment"
"L70",1/23/2026,,"Loan Payment from Share 09",,200.64,Posted,.00,"Financial"
"L70",1/23/2026,,"Card 24 #0999 Date 01/22/26 0 6022370932 0 7399 Parcel Pending Irvine Ca",20.00,,Posted,200.64,"Business Services"
"L70",1/21/2026,,"Alamo Rent-A-Car",152.29,,Posted,180.64,"Rental Car &amp; Taxi"
"L70",1/19/2026,,"Card 24 #0999 Date 01/16/26 0 6016385958 0 5813 Arch and Column Pub Columbia Mo",35.00,,Posted,28.35,"Alcohol &amp; Bars"
"L70",1/18/2026,,"Uber Eats",23.37,,Posted,6.65,"Food &amp; Dining"
"L70",1/14/2026,,"Loan Advance Adjustment Credit Voucher Cars on Booking London",,80.00,Posted,30.02,"Income"
"L70",1/14/2026,,"LA Fitness",39.99,,Posted,49.98,"Gym"
"L70",1/11/2026,,"Uber",9.99,,Posted,9.99,"Rental Car &amp; Taxi"
"L70",1/9/2026,,"Loan Payment from Share 09",,644.41,Posted,.00,"Financial"
"L70",1/9/2026,,"Foreign Transaction Fee",1.60,,Posted,644.41,"Banking Fee"
"L70",1/9/2026,,"Cars on Booking London",80.00,,Posted,642.81,"Uncategorized"
"L70",1/5/2026,,"Geico",57.79,,Posted,562.81,"Auto Insurance"
"L70",1/4/2026,,"Southwest Airlines",333.06,,Posted,505.02,"Air Travel"
"L70",12/29/2025,,"Petco Park Concessions",73.96,,Posted,171.96,"Fast Food"
"L70",12/29/2025,,"LA Fitness",59.00,,Posted,98.00,"Gym"
"L70",12/28/2025,,"Tst*knotty Barrel - Sa San Diego",39.00,,Posted,39.00,"Health &amp; Fitness"
"L70",12/26/2025,,"Loan Payment from Share 09",,875.30,Posted,.00,"Financial"
"L70",12/26/2025,,"OpenAI",20.00,,Posted,868.22,"Business Services"
"L70",12/25/2025,,"Fansly Austin",9.99,,Posted,848.22,"Entertainment"
"L70",12/14/2025,,"LA Fitness",39.99,,Posted,838.23,"Gym"
"L70",12/10/2025,,"Loan Payment from Share 09",,20.00,Posted,798.24,"Financial"
"L70",12/10/2025,,"Uber",9.99,,Posted,818.24,"Rental Car &amp; Taxi"
"L70",12/9/2025,,"Transfer to Venmo",103.00,,Posted,808.25,"Transfer"
"L70",12/7/2025,,"1136 C Parking San Diego",5.20,,Posted,705.25,"Parking"
"L70",12/5/2025,,"Geico",58.64,,Posted,700.05,"Auto Insurance"
"L70",11/27/2025,,"Uber Eats",41.68,,Posted,641.41,"Food &amp; Dining"
"L70",11/26/2025,,"OpenAI",20.00,,Posted,599.73,"Business Services"
"L70",11/25/2025,,"Fansly Austin",9.99,,Posted,579.73,"Entertainment"
"L70",11/18/2025,,"Sun Country Airlines",50.00,,Posted,569.74,"Air Travel"
"L70",11/17/2025,,"Uber Trip",50.26,,Posted,519.74,"Rental Car &amp; Taxi"
"L70",11/16/2025,,"Uber Trip",38.95,,Posted,469.48,"Rental Car &amp; Taxi"
"L70",11/16/2025,,"Sun Country Airlines",50.00,,Posted,430.53,"Air Travel"
"L70",11/14/2025,,"LA Fitness",39.99,,Posted,380.53,"Gym"
"L70",11/10/2025,,"Uber",9.99,,Posted,340.54,"Rental Car &amp; Taxi"
"L70",11/7/2025,,"Palomar Col San M Bks San Marcos",1.35,,Posted,330.55,"Shopping"
"L70",11/5/2025,,"Geico",60.22,,Posted,329.20,"Auto Insurance"
"L70",11/4/2025,,"Foreign Transaction Fee",1.00,,Posted,268.98,"Banking Fee"
"L70",11/4/2025,,"Sp Rugrat Apparel Maidstone",50.00,,Posted,267.98,"Clothing"
"L70",11/4/2025,,"Sun Country Airlines",217.98,,Posted,217.98,"Air Travel"
"L70",11/2/2025,,"Loan Payment from Share 09",,877.72,Posted,.00,"Financial"
"L70",10/26/2025,,"OpenAI",20.00,,Posted,877.72,"Business Services"
"L70",10/24/2025,,"Instacart",,9.99,Posted,857.72,"Groceries"
"L70",10/24/2025,,"Instacart",,9.99,Posted,867.71,"Groceries"
"L70",10/24/2025,,"Instacart",,9.99,Posted,877.70,"Groceries"
"L70",10/24/2025,,"Instacart",,9.99,Posted,887.69,"Groceries"
"L70",10/24/2025,,"Instacart",,9.99,Posted,897.68,"Groceries"
"L70",10/24/2025,,"Instacart",,9.99,Posted,907.67,"Groceries"
"L70",10/24/2025,,"Instacart",,9.99,Posted,917.66,"Groceries"
"L70",10/16/2025,,"Transfer to Venmo",127.72,,Posted,927.65,"Transfer"
"L70",10/16/2025,,"Transfer to Venmo",51.50,,Posted,799.93,"Transfer"
"L70",10/14/2025,,"LA Fitness",39.99,,Posted,748.43,"Gym"
"L70",10/12/2025,,"Instacart",56.19,,Posted,708.44,"Groceries"
"L70",10/10/2025,,"Uber",9.99,,Posted,652.25,"Rental Car &amp; Taxi"
"L70",10/6/2025,,"Transfer to Venmo",77.25,,Posted,642.26,"Transfer"
"L70",10/5/2025,,"Transfer to Venmo",5.15,,Posted,565.01,"Transfer"
"L70",10/5/2025,,"Transfer to Venmo",5.15,,Posted,559.86,"Transfer"
"L70",10/5/2025,,"Geico",60.20,,Posted,554.71,"Auto Insurance"
"L70",9/30/2025,,"Loan Advance Credit Reunion",45.00,,Posted,494.51,"Uncategorized"
"L70",9/30/2025,,"Loan Advance Credit Hogan Brothers",16.56,,Posted,449.51,"Uncategorized"
"L70",9/29/2025,,"Holiday",8.37,,Posted,432.95,"Fast Food"
"L70",9/29/2025,,"Loan Advance Credit Carbones Pizza and Spo",46.50,,Posted,424.58,"Food &amp; Dining"
"L70",9/29/2025,,"Loan Advance Credit Carbones Pizza and Spo",29.17,,Posted,378.08,"Food &amp; Dining"
"L70",9/28/2025,,"Loan Advance Credit Tgif",32.00,,Posted,348.91,"Fast Food"
"L70",9/28/2025,,"Chevron",53.76,,Posted,316.91,"Gas"
"L70",9/28/2025,,"Loan Advance Credit Pitchers",62.28,,Posted,263.15,"Uncategorized"
"L70",9/28/2025,,"Little Joy Coffee Northfield Mndate 09/27/25 0 5270406410 0 5814",6.90,,Posted,200.87,"Coffee Shops"
"L70",9/28/2025,,"Loan Advance Credit Floyd S Mission Val",46.00,,Posted,193.97,"Uncategorized"
"L70",9/26/2025,,"OpenAI",20.00,,Posted,147.97,"Business Services"
"L70",9/26/2025,,"Domino&amp;aposs 8423 San Diego Cadate 09/25/25 0 5268484249 0 5814card 0999",20.45,,Posted,127.97,"Fast Food"
"L70",9/25/2025,,"Alamo Rent-A-Car",103.48,,Posted,107.52,"Rental Car &amp; Taxi"
"L70",9/24/2025,,"7-Eleven",4.04,,Posted,4.04,"Fast Food"
"L70",9/24/2025,,"Transfer from Share 01",,594.01,Posted,.00,"Transfer"
"L70",9/23/2025,,"Instacart",9.99,,Posted,594.01,"Groceries"
"L70",9/23/2025,,"Loan Advance Credit Horton Plaza Parking",42.00,,Posted,584.02,"Parking"
"L70",9/21/2025,,"Stater Bros. Markets",35.03,,Posted,542.02,"Groceries"
"L70",9/21/2025,,"Loan Advance Credit Pitchers",62.59,,Posted,506.99,"Income"
"L70",9/14/2025,,"Loan Advance Credit Better Buzz Ran",22.62,,Posted,444.40,"Restaurants"
"L70",9/14/2025,,"Sprouts Farmers Market",10.99,,Posted,421.78,"Groceries"
"L70",9/14/2025,,"LA Fitness",39.99,,Posted,410.79,"Gym"
"L70",9/14/2025,,"Philz Coffee",13.51,,Posted,370.80,"Coffee Shops"
"L70",9/12/2025,,"Shell",43.54,,Posted,357.29,"Gas"
"L70",9/10/2025,,"Uber",9.99,,Posted,313.75,"Rental Car &amp; Taxi"
"L70",9/10/2025,,"Loan Advance Credit Better Buzz Ran",14.47,,Posted,303.76,"Restaurants"
"L70",9/9/2025,,"Loan Advance Credit Epicwings",59.59,,Posted,289.29,"Fast Food"
"L70",9/7/2025,,"Marshalls",46.58,,Posted,229.70,"Shopping"
"L70",9/7/2025,,"Pick Up Stix",60.92,,Posted,183.12,"Restaurants"
"L70",9/5/2025,,"Geico",60.20,,Posted,122.20,"Auto Insurance"
"L70",9/1/2025,,"Uber Trip",8.09,,Posted,62.00,"Rental Car &amp; Taxi"
"L70",9/1/2025,,"Uber Trip",53.91,,Posted,53.91,"Rental Car &amp; Taxi"
"L70",8/28/2025,,"Payment Online Banking Transfer",,113.06,Posted,.00,"Transfer"
"L70",8/28/2025,,"Payment Online Banking Transfer",,20.00,Posted,113.06,"Transfer"
"L70",8/26/2025,,"OpenAI",20.00,,Posted,133.06,"Business Services"
"L70",8/22/2025,,"Instacart",9.99,,Posted,113.06,"Groceries"
"L70",8/18/2025,,"Transfer to Venmo",16.48,,Posted,103.07,"Transfer"
"L70",8/14/2025,,"LA Fitness",39.99,,Posted,86.59,"Gym"
"L70",8/12/2025,,"Habibi Market San Francisc Cadate 08/10/25 0 5222381958 0 5411card 0999",15.87,,Posted,46.60,"Groceries"
"L70",8/11/2025,,"Habibi Market San Francisc Cadate 08/09/25 0 5221412369 0 5411card 0999",20.73,,Posted,30.73,"Groceries"
"L70",8/11/2025,,"Clipper",10.00,,Posted,10.00,"Public Transportation"
"L70",8/11/2025,,"Payment Online Banking Transfer",,693.86,Posted,.00,"Transfer"
"L70",8/10/2025,,"Uber",9.99,,Posted,693.86,"Rental Car &amp; Taxi"
"L70",8/10/2025,,"Transfer to Venmo",10.00,,Posted,683.87,"Transfer"
"L70",8/10/2025,,"Outside Lands",65.58,,Posted,673.87,"Entertainment"
"L70",8/10/2025,,"Habibi Market San Francisc Cadate 08/08/25 0 5220434616 0 5411card 0999",9.30,,Posted,608.29,"Groceries"
"L70",8/10/2025,,"Habibi Market San Francisc Cadate 08/08/25 0 5220434615 0 5411card 0999",9.30,,Posted,598.99,"Groceries"
"L70",8/10/2025,,"Val De Cole San Francisc Cadate 08/09/25 0 5221470951 0 5921card 0999",4.44,,Posted,589.69,"Uncategorized"
"L70",8/10/2025,,"Sq *coffee Bodega Farm San Francisc Cadate 08/08/25 0 5220440901 0 5814card 0999",7.50,,Posted,585.25,"Coffee Shops"
"L70",8/10/2025,,"Southwest Airlines",321.48,,Posted,577.75,"Air Travel"
"L70",8/10/2025,,"Tst*wooden Spoon - San San Francisc Cadate 08/08/25 0 5220407264 0 5812card 0999",38.77,,Posted,256.27,"Uncategorized"
"L70",8/10/2025,,"Bay Area Rapid Transit",15.00,,Posted,217.50,"Public Transportation"
"L70",8/10/2025,,"Bart Clipper Oac Oakland Cadate 08/08/25 0 5220475331 1 4111card 0999",20.00,,Posted,202.50,"Uncategorized"
"L70",8/8/2025,,"San Urbancravet1w 6253 San Diego Cadate 08/07/25 0 5219500016 0 5814card 0999",25.78,,Posted,182.50,"Uncategorized"
"L70",8/8/2025,,"San Urbancravet1w 6253 San Diego Cadate 08/07/25 0 5219500011 0 5814card 0999",14.91,,Posted,156.72,"Uncategorized"
"L70",8/5/2025,,"Jack in the Box",7.52,,Posted,141.81,"Fast Food"
"L70",8/5/2025,,"Tst* Pitchers San Diego Cadate 08/04/25 0 5216386238 0 5812card 0999",74.09,,Posted,134.29,"Restaurants"
"L70",8/5/2025,,"Geico",60.20,,Posted,60.20,"Auto Insurance"
"L70",8/3/2025,,"Payment Online Banking Transfer",,191.17,Posted,.00,"Transfer"
"L70",7/27/2025,,"OpenAI",20.00,,Posted,191.17,"Business Services"
"L70",7/21/2025,,"Instacart",9.99,,Posted,171.17,"Groceries"
"L70",7/20/2025,,"PlayStation",79.99,,Posted,161.18,"Electronics &amp; Software"
"L70",7/14/2025,,"LA Fitness",39.99,,Posted,81.19,"Gym"
"L70",7/13/2025,,"Tst* Brigantine Point San Diego Cadate 07/11/25 0 5192921631 1 5812card 0999",41.20,,Posted,41.20,"Uncategorized"
"L70",7/12/2025,,"Payment Online Banking Transfer",,1058.80,Posted,.00,"Transfer"
"L70",7/11/2025,,"Transfer to Venmo",44.48,,Posted,1058.80,"Transfer"
"L70",7/10/2025,,"Loan Payment from Share 09",,20.00,Posted,1014.32,"Financial"
"L70",7/10/2025,,"Uber",9.99,,Posted,1034.32,"Rental Car &amp; Taxi"
"L70",7/9/2025,,"Stater Bros. Markets",12.02,,Posted,1024.33,"Groceries"
"L70",7/8/2025,,"Emerald City News and Eugene Ordate 07/06/25 0 5187393659 0 5499card 0999",4.00,,Posted,1012.31,"Newspapers &amp; Magazines"
"L70",7/8/2025,,"Trader Joe's",11.58,,Posted,1008.31,"Groceries"
"L70",7/6/2025,,"San Urbancravet1w 6253 San Diego Cadate 07/03/25 0 5184410116 1 5814card 0999",43.32,,Posted,996.73,"Uncategorized"
"L70",7/6/2025,,"Sq *eugene Pro Rodeo Eugene Ordate 07/05/25 0 5186531896 1 7929card 0999",18.40,,Posted,953.41,"Uncategorized"
"L70",7/6/2025,,"Geico",60.20,,Posted,935.01,"Auto Insurance"
"L70",7/4/2025,,"Board&amp;amp;brew San Diego Cadate 07/03/25 0 5184470617 0 5812card 0999",40.24,,Posted,874.81,"Uncategorized"
"L70",7/3/2025,,"McDonald's",9.26,,Posted,834.57,"Fast Food"
"L70",7/3/2025,,"Sport Clips",41.00,,Posted,825.31,"Hair"
"L70",7/3/2025,,"Starbucks",6.45,,Posted,784.31,"Coffee Shops"
"L70",7/1/2025,,"Transfer to Venmo",154.50,,Posted,777.86,"Transfer"
"L70",7/1/2025,,"Mira Mesa Lanes San Diego Cadate 06/27/25 0 5178141618 0 7933card 0999",14.40,,Posted,623.36,"Uncategorized"
"L70",7/1/2025,,"Mira Mesa Lanes San Diego Cadate 06/27/25 0 5178141617 0 7933card 0999",32.20,,Posted,608.96,"Uncategorized"
"L70",6/29/2025,,"Stater Bros. Markets",47.94,,Posted,576.76,"Groceries"
"L70",6/29/2025,,"In-N-Out Burger",18.80,,Posted,528.82,"Fast Food"
"L70",6/26/2025,,"OpenAI",20.00,,Posted,510.02,"Business Services"
"L70",6/24/2025,,"The Home Depot",41.93,,Posted,490.02,"Home Improvement"
"L70",6/24/2025,,"Tst* Pitchers San Diego Cadate 06/23/25 0 5174412773 0 5812card 0999",23.00,,Posted,448.09,"Restaurants"
"L70",6/23/2025,,"Stater Bros. Markets",7.70,,Posted,425.09,"Groceries"
"L70",6/23/2025,,"Jack in the Box",6.12,,Posted,417.39,"Fast Food"
"L70",6/20/2025,,"Instacart",9.99,,Posted,411.27,"Groceries"
"L70",6/20/2025,,"Mnv*mnvikingsfbstadium 612-338-4537 Mndate 06/19/25 0 5170425260 0 7922card 0999",30.00,,Posted,401.28,"Uncategorized"
"L70",6/19/2025,,"Wings N Things San Diego Cadate 06/18/25 0 5169504053 0 5814card 0999",15.31,,Posted,371.28,"Fast Food"
"L70",6/19/2025,,"Wings N Things San Diego Cadate 06/18/25 0 5169504048 0 5814card 0999",30.50,,Posted,355.97,"Fast Food"
"L70",6/16/2025,,"Marriott Hotel",50.00,,Posted,325.47,"Hotel"
"L70",6/15/2025,,"Circle K",52.34,,Posted,275.47,"Gas"
"L70",6/15/2025,,"Best Pizza and Brew - San Diego Cadate 06/14/25 0 5165928924 1 5812card 0999",47.00,,Posted,223.13,"Food &amp; Dining"
"L70",6/15/2025,,"Credit Card Payment",14.55,,Posted,176.13,"Credit Card Payment"
"L70",6/15/2025,,"LA Fitness",39.99,,Posted,161.58,"Gym"
"L70",6/15/2025,,"Sq *bird Rock Coffee R Del Mar Cadate 06/14/25 0 5165424477 0 5814card 0999",12.80,,Posted,121.59,"Coffee Shops"
"L70",6/5/2025,,"Geico",61.06,,Posted,108.79,"Auto Insurance"
"L70",6/2/2025,,"Finney&amp;aposs Slo Lp San Luis Obi Cadate 05/30/25 0 5150923029 1 5812card 0999",38.33,,Posted,47.73,"Uncategorized"
"L70",6/2/2025,,"Starbucks",9.40,,Posted,9.40,"Coffee Shops"
"L70",6/1/2025,,"Payment Online Banking Transfer",,1052.27,Posted,.00,"Transfer"
"L70",5/31/2025,,"Popeyes",21.31,,Posted,1052.27,"Fast Food"
"L70",5/30/2025,,"Instacart",58.54,,Posted,1030.96,"Groceries"
"L70",5/28/2025,,"Taco Bell",5.15,,Posted,972.42,"Fast Food"
"L70",5/27/2025,,"TJ Maxx",48.47,,Posted,967.27,"Shopping"
"L70",5/27/2025,,"Tst*bluefoot Bar San Diego Cadate 05/25/25 0 5145375373 0 5813card 0999",32.00,,Posted,918.80,"Alcohol &amp; Bars"
"L70",5/27/2025,,"The Salvation Army",23.46,,Posted,886.80,"Charity"
"L70",5/26/2025,,"OpenAI",20.00,,Posted,863.34,"Business Services"
"L70",5/26/2025,,"Tst*taco Stand North P San Diego Cadate 05/25/25 0 5145438510 0 5812card 0999",12.51,,Posted,843.34,"Fast Food"
"L70",5/25/2025,,"Starbucks",18.15,,Posted,830.83,"Coffee Shops"
"L70",5/20/2025,,"Bmd Usa",295.00,,Posted,812.68,"Uncategorized"
"L70",5/19/2025,,"Instacart",9.99,,Posted,517.68,"Groceries"
"L70",5/19/2025,,"Mira Mesa Lanes San Diego Cadate 05/17/25 0 5137473723 0 7933card 0999",11.25,,Posted,507.69,"Uncategorized"
"L70",5/19/2025,,"Mira Mesa Lanes San Diego Cadate 05/17/25 0 5137473722 0 7933card 0999",35.00,,Posted,496.44,"Uncategorized"
"L70",5/18/2025,,"Starbucks",12.90,,Posted,461.44,"Coffee Shops"
"L70",5/15/2025,,"Starbucks",6.45,,Posted,448.54,"Coffee Shops"
"L70",5/15/2025,,"LA Fitness",39.99,,Posted,442.09,"Gym"
"L70",5/14/2025,,"Chevron",44.51,,Posted,402.10,"Gas"
"L70",5/13/2025,,"Starbucks",5.95,,Posted,357.59,"Coffee Shops"
"L70",5/12/2025,,"Uber Eats",26.56,,Posted,351.64,"Food &amp; Dining"
"L70",5/12/2025,,"Chroma Nails Lounge Sandiego Cadate 05/11/25 0 5131118218 0 7230card 0999",64.00,,Posted,325.08,"Personal Care"
"L70",5/12/2025,,"Golden Acorn Casino Fo Campo Cadate 05/10/25 0 5130466808 0 5812card 0999",8.00,,Posted,261.08,"Entertainment"
"L70",5/11/2025,,"Transfer to Venmo",72.10,,Posted,253.08,"Transfer"
"L70",5/11/2025,,"SpotHero",32.18,,Posted,180.98,"Parking"
"L70",5/11/2025,,"The Rady Shell at Jaco San Diego Cadate 05/10/25 0 5130458174 0 5812card 0999",18.40,,Posted,148.80,"Gas"
"L70",5/11/2025,,"Starbucks",12.90,,Posted,130.40,"Coffee Shops"
"L70",5/9/2025,,"Total Wine and More",25.42,,Posted,117.50,"Alcohol &amp; Bars"
"L70",5/9/2025,,"Trader Joe's",57.26,,Posted,92.08,"Groceries"
"L70",5/9/2025,,"TJ Maxx",10.76,,Posted,34.82,"Shopping"
"L70",5/4/2025,,"Transfer to Venmo",12.36,,Posted,24.06,"Transfer"
"L70",5/4/2025,,"Starbucks",11.70,,Posted,11.70,"Coffee Shops"
"L70",5/3/2025,,"Payment Online Banking Transfer",,501.28,Posted,.00,"Transfer"
"L70",5/1/2025,,"California Department of Motor Vehicles",45.00,,Posted,501.28,"Auto &amp; Transport"
"L70",4/30/2025,,"California Department of Motor Vehicles",.88,,Posted,456.28,"Auto &amp; Transport"
"L70",4/30/2025,,"Sq *k &amp;amp; J Cafeteria in San Marcos Cadate 04/29/25 0 5119396166 0 5814card 0999",5.77,,Posted,455.40,"Fast Food"
"L70",4/28/2025,,"Mira Mesa Lanes San Diego Cadate 04/26/25 0 5116445619 0 7933card 0999",68.00,,Posted,449.63,"Uncategorized"
"L70",4/28/2025,,"Mira Mesa Lanes San Diego Cadate 04/26/25 0 5116445618 0 7933card 0999",7.50,,Posted,381.63,"Uncategorized"
"L70",4/27/2025,,"OpenAI",20.00,,Posted,374.13,"Business Services"
"L70",4/27/2025,,"La Cocina Del Abuelo L San Marcos Cadate 04/26/25 0 5116390062 0 5812card 0999",16.69,,Posted,354.13,"Fast Food"
"L70",4/27/2025,,"Sprouts Farmers Market",36.34,,Posted,337.44,"Groceries"
"L70",4/27/2025,,"Starbucks",12.90,,Posted,301.10,"Coffee Shops"
"L70",4/25/2025,,"Palomar Col San M Bks San Marcos Cadate 04/23/25 0 5113436888 0 5942card 0999",2.74,,Posted,288.20,"Uncategorized"
"L70",4/24/2025,,"Sprouts Farmers Market",8.49,,Posted,285.46,"Groceries"
"L70",4/21/2025,,"Stater Bros. Markets",24.33,,Posted,276.97,"Groceries"
"L70",4/21/2025,,"Tst* Pitchers San Diego Cadate 04/20/25 0 5110432894 0 5812card 0999",25.86,,Posted,252.64,"Restaurants"
"L70",4/20/2025,,"Starbucks",11.40,,Posted,226.78,"Coffee Shops"
"L70",4/20/2025,,"Chevron",54.02,,Posted,215.38,"Gas"
"L70",4/18/2025,,"Instacart",9.99,,Posted,161.36,"Groceries"
"L70",4/18/2025,,"Todo Sushi San Diego Cadate 04/17/25 0 5107407959 0 5812card 0999",93.23,,Posted,151.37,"Restaurants"
"L70",4/17/2025,,"Starbucks",11.70,,Posted,58.14,"Coffee Shops"
"L70",4/14/2025,,"LA Fitness",39.99,,Posted,46.44,"Gym"
"L70",4/13/2025,,"Starbucks",6.45,,Posted,6.45,"Coffee Shops"
"L70",4/13/2025,,"Payment Online Banking Transfer",,259.33,Posted,.00,"Transfer"
"L70",4/6/2025,,"Bay Area Rapid Transit",14.60,,Posted,259.33,"Public Transportation"
"L70",4/4/2025,,"Instacart",11.92,,Posted,244.73,"Groceries"
"L70",4/4/2025,,"Instacart",64.36,,Posted,232.81,"Groceries"
"L70",4/4/2025,,"Uber Trip",11.77,,Posted,168.45,"Rental Car &amp; Taxi"
"L70",4/4/2025,,"Uber Trip",54.98,,Posted,156.68,"Rental Car &amp; Taxi"
"L70",4/4/2025,,"Uber Trip",40.98,,Posted,101.70,"Rental Car &amp; Taxi"
"L70",4/4/2025,,"Hyatt Regency Hotel",47.91,,Posted,60.72,"Hotel"
"L70",3/30/2025,,"Amazon",12.81,,Posted,12.81,"Shopping"
"L70",3/30/2025,,"Payment Online Banking Transfer",,557.68,Posted,.00,"Transfer"
"L70",3/28/2025,,"Transfer to Venmo",20.60,,Posted,557.68,"Transfer"
"L70",3/27/2025,,"Rainbows End Honolulu Hidate 03/25/25 0 5084141752 0 7523card 0999",3.66,,Posted,537.08,"Uncategorized"
"L70",3/25/2025,,"Sq *shaka Sharks Grill Haleiwa Hidate 03/24/25 0 5083376407 0 5814card 0999",43.11,,Posted,533.42,"Restaurants"
"L70",3/24/2025,,"Tst*kuhio Avenue Food Honolulu Hidate 03/23/25 0 5082440025 0 5812card 0999",41.51,,Posted,490.31,"Food &amp; Dining"
"L70",3/23/2025,,"Wings N Things San Diego Cadate 03/20/25 0 5079699386 1 5814card 0999",46.46,,Posted,448.80,"Fast Food"
"L70",3/23/2025,,"Starbucks",16.65,,Posted,402.34,"Coffee Shops"
"L70",3/23/2025,,"Instacart",29.13,,Posted,385.69,"Groceries"
"L70",3/23/2025,,"Sq *honolulu Burger Co Honolulu Hidate 03/22/25 0 5081110881 0 5812card 0999",15.05,,Posted,356.56,"Food &amp; Dining"
"L70",3/19/2025,,"Stater Bros. Markets",7.28,,Posted,341.51,"Groceries"
"L70",3/18/2025,,"Tst* Whiskey Girl San Diego Cadate 03/17/25 0 5076422784 0 5813card 0999",30.00,,Posted,334.23,"Alcohol &amp; Bars"
"L70",3/18/2025,,"Tst* Whiskey Girl San Diego Cadate 03/17/25 0 5076422783 0 5813card 0999",15.00,,Posted,304.23,"Alcohol &amp; Bars"
"L70",3/18/2025,,"Tst* Whiskey Girl San Diego Cadate 03/17/25 0 5076422785 0 5813card 0999",15.62,,Posted,289.23,"Alcohol &amp; Bars"
"L70",3/17/2025,,"Instacart",9.99,,Posted,273.61,"Groceries"
"L70",3/17/2025,,"Jack in the Box",11.85,,Posted,263.62,"Fast Food"
"L70",3/17/2025,,"Mts Pronto Open Pay 1 San Diego Cadate 03/16/25 0 5075404038 0 4111card 0999",2.50,,Posted,251.77,"Uncategorized"
"L70",3/17/2025,,"Tst*panama 66 San Diego Cadate 03/16/25 0 5075421372 0 5812card 0999",103.54,,Posted,249.27,"Uncategorized"
"L70",3/16/2025,,"eBay",92.09,,Posted,145.73,"Shopping"
"L70",3/16/2025,,"Starbucks",13.65,,Posted,53.64,"Coffee Shops"
"L70",3/14/2025,,"LA Fitness",39.99,,Posted,39.99,"Gym"
"L70",3/14/2025,,"Payment Online Banking Transfer",,682.87,Posted,.00,"Transfer"
"L70",3/13/2025,,"Chevron",54.69,,Posted,682.87,"Gas"
"L70",3/13/2025,,"Sq *k &amp;amp; J Cafeteria in San Marcos Cadate 03/12/25 0 5071370617 0 5814card 0999",6.47,,Posted,628.18,"Fast Food"
"L70",3/10/2025,,"Starbucks",11.90,,Posted,621.71,"Coffee Shops"
"L70",3/10/2025,,"Tst*menya Ultra Claire San Diego Cadate 03/09/25 0 5068392305 0 5812card 0999",61.38,,Posted,609.81,"Uncategorized"
"L70",3/9/2025,,"Instacart",2.18,,Posted,548.43,"Groceries"
"L70",3/9/2025,,"Starbucks",6.45,,Posted,546.25,"Coffee Shops"
"L70",3/9/2025,,"Starbucks",5.75,,Posted,539.80,"Coffee Shops"
"L70",3/9/2025,,"Ralphs",89.61,,Posted,534.05,"Groceries"
"L70",3/9/2025,,"Travel Guard Group Inc 715-514-9056 Widate 03/07/25 0 5066265080 2 6300card 0999",16.65,,Posted,444.44,"Travel"
"L70",3/9/2025,,"United Airlines",246.97,,Posted,427.79,"Air Travel"
"L70",3/7/2025,,"Instacart",25.54,,Posted,180.82,"Groceries"
"L70",3/7/2025,,"Jack in the Box",11.85,,Posted,155.28,"Fast Food"
"L70",3/5/2025,,"Jalapenos Carmel Mount San Diego Cadate 03/04/25 0 5063468771 0 5814card 0999",32.33,,Posted,143.43,"Fast Food"
"L70",3/5/2025,,"Ralphs",8.49,,Posted,111.10,"Groceries"
"L70",3/4/2025,,"Starbucks",10.70,,Posted,102.61,"Coffee Shops"
"L70",3/4/2025,,"Circle K",53.87,,Posted,91.91,"Gas"
"L70",3/3/2025,,"Instacart",1.00,,Posted,38.04,"Groceries"
"L70",3/3/2025,,"Instacart",37.04,,Posted,37.04,"Groceries"
"L70",3/3/2025,,"Payment Online Banking Transfer",,719.56,Posted,.00,"Transfer"
"L70",3/2/2025,,"Uber Eats",39.42,,Posted,719.56,"Food &amp; Dining"
"L70",2/27/2025,,"Starbucks",10.70,,Posted,680.14,"Coffee Shops"
"L70",2/26/2025,,"California Department of Motor Vehicles",.70,,Posted,669.44,"Auto &amp; Transport"
"L70",2/25/2025,,"California Department of Motor Vehicles",36.00,,Posted,668.74,"Auto &amp; Transport"
"L70",2/23/2025,,"Starbucks",10.70,,Posted,632.74,"Coffee Shops"
"L70",2/20/2025,,"Recurring Loan Advance Credit Kingsisle Wizard",79.95,,Posted,622.04,"Shopping"
"L70",2/20/2025,,"Transfer to Venmo",157.59,,Posted,542.09,"Transfer"
"L70",2/19/2025,,"LA Fitness",39.99,,Posted,384.50,"Gym"
"L70",2/19/2025,,"Taco Bell",11.40,,Posted,344.51,"Fast Food"
"L70",2/18/2025,,"City of Slo Pkg Meter San Luis Obi Cadate 02/14/25 0 5045340368 0 9399card 0999",3.00,,Posted,333.11,"Utilities"
"L70",2/18/2025,,"World Oil",51.53,,Posted,330.11,"Gas"
"L70",2/18/2025,,"Vons",30.25,,Posted,278.58,"Groceries"
"L70",2/17/2025,,"Chevron",16.15,,Posted,248.33,"Fast Food"
"L70",2/17/2025,,"Trader Joe's",46.97,,Posted,232.18,"Groceries"
"L70",2/17/2025,,"PlayStation",19.49,,Posted,185.21,"Electronics &amp; Software"
"L70",2/16/2025,,"Circle K",18.44,,Posted,165.72,"Fast Food"
"L70",2/16/2025,,"Circle K",41.07,,Posted,147.28,"Gas"
"L70",2/16/2025,,"Sbuxcalpolmktp Qps San Luis Obi Cadate 02/14/25 0 5045686556 0 5814card 0999",11.20,,Posted,106.21,"Fast Food"
"L70",2/16/2025,,"Mcdonald&amp;aposs F1380 Santa Barbar Cadate 02/14/25 0 5045987909 2 5814card 0999",6.84,,Posted,95.01,"Fast Food"
"L70",2/13/2025,,"Palomar Col San M Bks San Marcos Cadate 02/11/25 0 5042373626 0 5942card 0999",4.84,,Posted,88.17,"Uncategorized"
"L70",2/12/2025,,"Uber Eats",22.07,,Posted,83.33,"Food &amp; Dining"
"L70",2/12/2025,,"Sq *k &amp;amp; J Cafeteria in San Marcos Cadate 02/11/25 0 5042135544 0 5814card 0999",3.87,,Posted,61.26,"Fast Food"
"L70",2/12/2025,,"Geico",228.89,,Posted,57.39,"Auto Insurance"
"L70",2/12/2025,,"Loan Advance Adjustment Final Credit for Fraud Claim",194.68,,Posted,171.50,"Uncategorized"
"L70",2/11/2025,,"7-Eleven",3.64,,Posted,23.18,"Fast Food"
"L70",2/11/2025,,"Instacart",19.54,,Posted,19.54,"Groceries"
"L70",2/10/2025,,"Payment Online Banking Transfer",,276.39,Posted,.00,"Transfer"
"L70",2/10/2025,,"Stater Bros. Markets",9.97,,Posted,276.39,"Groceries"
"L70",2/9/2025,,"Instacart",31.56,,Posted,266.42,"Groceries"
"L70",2/6/2025,,"Instacart",26.97,,Posted,234.86,"Groceries"
"L70",2/5/2025,,"Family Dollar",58.64,,Posted,207.89,"Shopping"
"L70",2/5/2025,,"Family Dollar",104.95,,Posted,149.25,"Shopping"
"L70",2/5/2025,,"Transfer To Cash App",1.03,,Posted,44.30,"Transfer"
"L70",2/5/2025,,"Transfer To Cash App",2.06,,Posted,43.27,"Transfer"
"L70",2/5/2025,,"Transfer To Cash App",1.03,,Posted,41.21,"Transfer"
"L70",2/4/2025,,"Jv S Mexican Food San Diego Cadate 02/02/25 0 5033330805 0 5814card 7334",13.18,,Posted,40.18,"Food &amp; Dining"
"L70",2/4/2025,,"Tom Cat Bar and Grill San Diego Cadate 02/01/25 0 5032139255 0 5813card 7334",27.00,,Posted,27.00,"Restaurants"
"L70",2/1/2025,,"Payment Online Banking Transfer",,447.48,Posted,.00,"Transfer"
"L70",1/22/2025,,"In-N-Out Burger",11.69,,Posted,447.48,"Fast Food"
"L70",1/20/2025,,"Genie Car Wash",29.99,,Posted,435.79,"Service &amp; Parts"
"L70",1/20/2025,,"Transfer to Venmo",154.50,,Posted,405.80,"Transfer"
"L70",1/20/2025,,"Hotel Slo San Luis Obi Cadate 01/18/25 0 5018423864 0 5812card 5619",105.00,,Posted,251.30,"Hotel"
"L70",1/13/2025,,"Loan Advance Credit card PITCHERS SAN DIEGO CADate 01/11/25 0 5011395354 0 5812Card 5619",28.44,,Posted,146.30,""
"L70",1/6/2025,,"Loan Advance Credit card JFF PUBLICATIONS LLC 9177195878 FLDate 01/04/25 0 5004421900 0 5967Card 5619",10.98,,Posted,117.86,""
"L70",1/5/2025,,"Loan Advance Credit card TST* DRAFT REPUBLIC BR SAN MARCOS CADate 01/03/25 0 5003664900 1 5812Card 5619",60.72,,Posted,106.88,""
"L70",1/5/2025,,"Loan Advance Credit card SQ *PURE BEAN IDY LLC IDYLLWILD CADate 01/03/25 0 5003399444 0 5814Card 5619",8.55,,Posted,46.16,""
"L70",1/5/2025,,"Loan Advance Credit card NORTH CITY PS1 SAN MARCOS CADate 01/02/25 0 5002652466 1 7523Card 5619",4.00,,Posted,37.61,""
"L70",1/1/2025,,"Loan Advance Credit card STATERBROS167 SAN DIEGO CADate 12/30/24 0 4365391194 0 5411Card 5619",33.61,,Posted,33.61,""
"L70",1/1/2025,,"Payment Online Banking Transfer",,409.61,Posted,.00,""
"L70",12/26/2024,,"Loan Advance Credit card PLAYSTATIONNETWORK SAN MATEO CADate 12/25/24 0 4360104397 0 5816Card 5619",2.99,,Posted,409.61,""
"L70",12/26/2024,,"Loan Advance Credit card TST* BAD ASS COFFEE - SAN DIEGO CADate 12/25/24 0 4360281292 0 5812Card 5619",38.38,,Posted,406.62,""
"L70",12/25/2024,,"Loan Advance Credit card STATERBROS167 SAN DIEGO CADate 12/23/24 0 4358436815 0 5411Card 5619",5.64,,Posted,368.24,""
"L70",12/25/2024,,"Loan Advance Credit card SUSHIHANA SAN DIEGO CADate 12/23/24 0 4358432928 0 5812Card 5619",56.00,,Posted,362.60,""
"L70",12/25/2024,,"Loan Advance Credit card MARSHALLS #0452 SAN DIEGO CADate 12/24/24 0 4359409062 0 5310Card 5619",26.92,,Posted,306.60,""
"L70",12/25/2024,,"Loan Advance Credit card T J MAXX #1310 SAN DIEGO CADate 12/24/24 0 4359409256 0 5310Card 5619",53.84,,Posted,279.68,""
"L70",12/25/2024,,"Loan Advance Credit card BEST BUY 00015339 SAN DIEGO CADate 12/24/24 0 4359124383 0 5732Card 5619",91.54,,Posted,225.84,""
"L70",12/25/2024,,"Loan Advance Credit card PITCHERS SAN DIEGO CADate 12/23/24 0 4358444703 0 5812Card 5619",42.00,,Posted,134.30,""
"L70",12/22/2024,,"Recurring Loan Advance Credit card STONE BREWING - LIBERT SAN DIEGO CADate 12/21/24 0 4356661719 2 5812Card 5619",50.46,,Posted,92.30,""
"L70",12/22/2024,,"Recurring Loan Advance Credit card GENIE CAR WASH - CARME SAN DIEGO CADate 12/19/24 0 4354867775 1 7542Card 5619",29.99,,Posted,41.84,""
"L70",12/22/2024,,"Loan Advance Credit card JACK IN THE BOX 0095 SAN DIEGO CADate 12/19/24 0 4354843562 1 5814Card 5619",11.85,,Posted,11.85,""
"L70",12/21/2024,,"Payment Online Banking Transfer",,145.20,Posted,.00,""
"L70",12/19/2024,,"Loan Advance Credit card VENMO *MARTI SNYDER 8558124430 NYDate 12/18/24 0 4353869505 0 4829Card 5619",15.45,,Posted,145.20,""
"L70",12/16/2024,,"Loan Advance Credit card STATERBROS167 SAN DIEGO CADate 12/14/24 0 4349468606 0 5411Card 5619",20.56,,Posted,129.75,""
"L70",12/11/2024,,"Loan Advance Credit card STATERBROS167 SAN DIEGO CADate 12/10/24 0 4345634791 0 5411Card 5619",7.82,,Posted,109.19,""
"L70",12/11/2024,,"Loan Advance Credit card EXXON CIRCLE K 09485 SAN DIEGO CADate 12/09/24 0 4344641381 0 5541Card 5619",7.52,,Posted,101.37,""
"L70",12/11/2024,,"Loan Advance Credit card EXXON CIRCLE K 09485 SAN DIEGO CADate 12/09/24 0 4344641594 0 5542Card 5619",.20,,Posted,93.85,""
"L70",12/11/2024,,"Loan Advance Credit card EXXON CIRCLE K 09423 SAN DIEGO CADate 12/09/24 0 4344641515 0 5542Card 5619",38.82,,Posted,93.65,""
"L70",12/10/2024,,"Loan Advance Credit card JACK IN THE BOX 0095 SAN DIEGO CADate 12/09/24 0 4344378145 0 5814Card 5619",11.85,,Posted,54.83,""
"L70",12/6/2024,,"Loan Advance Credit card JFF PUBLICATIONS LLC 9177195878 FLDate 12/04/24 0 4339425701 0 5967Card 5619",10.98,,Posted,42.98,""
"L70",12/2/2024,,"Loan Advance Credit card CHROMA NAILS LOUNGE SANDIEGO CADate 11/30/24 0 4335747747 1 7230Card 5619",32.00,,Posted,32.00,""
"L70",12/1/2024,,"Payment Online Banking Transfer",,362.24,Posted,.00,""
"L70",11/24/2024,,"Loan Advance Credit card COTIJAS DEL SUR SAN DIEGO CADate 11/23/24 0 4328446303 0 5814Card 5619",130.48,,Posted,362.24,""
"L70",11/21/2024,,"Loan Advance Credit card TST* BAD ASS COFFEE - SAN DIEGO CADate 11/21/24 0 4326496243 0 5812Card 5619",14.63,,Posted,231.76,""
"L70",11/20/2024,,"Recurring Loan Advance Credit card GENIE CAR WASH - CARME SAN DIEGO CADate 11/19/24 0 4324481983 0 7542Card 5619",29.99,,Posted,217.13,""
"L70",11/13/2024,,"Loan Advance Credit card FLOYD S 99 MISSION VAL SAN DIEGO CADate 11/11/24 0 4316361420 0 7230Card 5619",52.00,,Posted,187.14,""
"L70",11/11/2024,,"Loan Advance Credit card EXXON CIRCLE K 09485 SAN DIEGO CADate 11/09/24 0 4314540872 0 5541Card 5619",3.64,,Posted,135.14,""
"L70",11/11/2024,,"Loan Advance Credit card 405 EXPRESS LANES CSC COSTA MESA CADate 11/10/24 0 4315290208 0 4784Card 5619",29.45,,Posted,131.50,""
"L70",11/10/2024,,"Loan Advance Credit card CHEERS BAR AND GRILL SAN DIEGO CADate 11/09/24 0 4314093938 0 5813Card 5619",10.00,,Posted,102.05,""
"L70",11/8/2024,,"Loan Advance Credit card UBER *EATS 8005928996 CADate 11/08/24 0 4313838533 0 5812Card 5619",25.98,,Posted,92.05,""
"L70",11/6/2024,,"Loan Advance Credit card JFF PUBLICATIONS LLC 9177195878 FLDate 11/04/24 0 4309411909 0 5967Card 5619",10.98,,Posted,66.07,""
"L70",11/4/2024,,"Loan Advance Credit card EXXON CIRCLE K 09485 SAN DIEGO CADate 11/02/24 0 4307636286 0 5542Card 5619",55.09,,Posted,55.09,""
"L70",11/1/2024,,"Payment Online Banking Transfer",,374.58,Posted,.00,"Transfer"