Account Number,Post Date,Check,Description,Debit,Credit,Status,Balance,Classification
"S09",2/10/2026,,"Trader Joe's",16.97,,Posted,46107.43,"Groceries"
"S09",2/9/2026,,"Mike Hess Brewing",69.16,,Posted,46124.40,"Alcohol &amp; Bars"
"S09",2/8/2026,,"Claude.ai Subscription",20.00,,Posted,46193.56,"Electronics &amp; Software"
"S09",2/8/2026,,"Shell",20.96,,Posted,46213.56,"Gas"
"S09",2/8/2026,,"The French Oven Ba San Diego Ca",14.67,,Posted,46234.52,"Groceries"
"S09",2/6/2026,,"Loan Payment",804.43,,Posted,46249.19,"Financial"
"S09",2/6/2026,,"Amazon Prime Membership",16.15,,Posted,47053.62,"Shopping"
"S09",2/5/2026,,"Ralphs",10.56,,Posted,47069.77,"Groceries"
"S09",2/4/2026,,"Amazon",32.40,,Posted,47080.33,"Shopping"
"S09",2/4/2026,,"Amazon",30.27,,Posted,47112.73,"Shopping"
"S09",2/4/2026,,"Epicwings",29.79,,Posted,47143.00,"Fast Food"
"S09",2/4/2026,,"ATM Withdrawal S Las",100.00,,Posted,47172.79,"Cash"
"S09",2/3/2026,,"Starbucks",12.40,,Posted,47272.79,"Coffee Shops"
"S09",2/2/2026,,"Transfer to Apple Pay",29.00,,Posted,47285.19,"Transfer"
"S09",2/1/2026,,"Zelle Lauren Clark",85.00,,Posted,47314.19,"Transfer"
"S09",1/31/2026,,"Trader Joe's",52.66,,Posted,47399.19,"Groceries"
"S09",1/29/2026,,"Palomar Community",,6103.88,Posted,47451.85,"Paycheck"
"S09",1/28/2026,,"CVS",25.34,,Posted,41347.97,"Pharmacy"
"S09",1/27/2026,,"Amazon",88.28,,Posted,41373.31,"Shopping"
"S09",1/27/2026,,"Aldi",106.02,,Posted,41461.59,"Groceries"
"S09",1/27/2026,,"Cafe Comet San Marcos Ca",2.38,,Posted,41567.61,"Food &amp; Dining"
"S09",1/25/2026,,"Starbucks",12.20,,Posted,41569.99,"Coffee Shops"
"S09",1/25/2026,,"Costco",574.73,,Posted,41582.19,"Shopping"
"S09",1/24/2026,,"Amazon",64.31,,Posted,42156.92,"Shopping"
"S09",1/24/2026,,"Amazon",60.38,,Posted,42221.23,"Shopping"
"S09",1/24/2026,,"Amazon",51.80,,Posted,42281.61,"Shopping"
"S09",1/23/2026,,"Loan Payment",200.64,,Posted,42333.41,"Financial"
"S09",1/21/2026,,"Stater Bros. Markets",1.49,,Posted,42534.05,"Groceries"
"S09",1/21/2026,,"Joes Kansas City Bar",10.61,,Posted,42535.54,"Restaurants"
"S09",1/21/2026,,"Target",7.61,,Posted,42546.15,"Shopping"
"S09",1/20/2026,,"Canteen",73.00,,Posted,42553.76,"Restaurants"
"S09",1/20/2026,,"BP Gas",2.32,,Posted,42626.76,"Gas"
"S09",1/20/2026,,"BP Gas",21.57,,Posted,42629.08,"Gas"
"S09",1/20/2026,,"Marshalls",10.84,,Posted,42650.65,"Shopping"
"S09",1/19/2026,,"Dugout Sports Card Columbia Mo",12.96,,Posted,42661.49,"Hobbies"
"S09",1/18/2026,,"McDonald's",11.75,,Posted,42674.45,"Fast Food"
"S09",1/16/2026,,"Starbucks",11.90,,Posted,42686.20,"Coffee Shops"
"S09",1/14/2026,,"Amazon",41.95,,Posted,42698.10,"Shopping"
"S09",1/14/2026,,"Amazon",33.57,,Posted,42740.05,"Shopping"
"S09",1/12/2026,,"Pitchers",40.88,,Posted,42773.62,"Restaurants"
"S09",1/11/2026,,"Starbucks",11.70,,Posted,42814.50,"Coffee Shops"
"S09",1/11/2026,,"Chevron",50.47,,Posted,42826.20,"Gas"
"S09",1/11/2026,,"Ikea",147.51,,Posted,42876.67,"Furnishings"
"S09",1/9/2026,,"Loan Payment",644.41,,Posted,43024.18,"Financial"
"S09",1/7/2026,,"Palomar Col San",2.69,,Posted,43668.59,"Books"
"S09",1/7/2026,,"Jack in the Box",7.40,,Posted,43671.28,"Fast Food"
"S09",1/6/2026,,"Amazon Prime Membership",16.15,,Posted,43678.68,"Shopping"
"S09",1/5/2026,,"Check 15",200.00,,Posted,43694.83,"Check"
"S09",1/2/2026,,"Amazon",22.13,,Posted,43894.83,"Shopping"
"S09",12/31/2025,,"Sd Dental Specialists",36.80,,Posted,43916.96,"Dentist"
"S09",12/31/2025,,"Ysi Block",353.95,,Posted,43953.76,"Mortgage &amp; Rent"
"S09",12/31/2025,,"Cadmv Reg Needtags",377.11,,Posted,44307.71,"Business Services"
"S09",12/31/2025,,"AGI Renters Insurance",26.01,,Posted,44684.82,"Home Insurance"
"S09",12/29/2025,,"Mira Mesa Lanes",20.70,,Posted,44710.83,"Entertainment"
"S09",12/29/2025,,"Ralphs",8.49,,Posted,44731.53,"Groceries"
"S09",12/26/2025,,"Loan Payment",875.30,,Posted,44740.02,"Financial"
"S09",12/25/2025,,"Starbucks",14.20,,Posted,45615.32,"Coffee Shops"
"S09",12/25/2025,,"Chevron",30.29,,Posted,45629.52,"Gas"
"S09",12/25/2025,,"Floyd S Mission Val",90.00,,Posted,45659.81,"Hair"
"S09",12/24/2025,,"Modern Times Fl",12.14,,Posted,45749.81,"Alcohol &amp; Bars"
"S09",12/24/2025,,"Stater Bros. Markets",5.48,,Posted,45761.95,"Groceries"
"S09",12/23/2025,,"Taco Stand North",4.04,,Posted,45767.43,"Fast Food"
"S09",12/23/2025,,"Ulta Beauty",68.42,,Posted,45771.47,"Personal Care"
"S09",12/23/2025,,"Trader Joe's",51.94,,Posted,45839.89,"Groceries"
"S09",12/23/2025,,"Ulta Beauty",60.45,,Posted,45891.83,"Personal Care"
"S09",12/23/2025,,"Amazon",21.54,,Posted,45952.28,"Shopping"
"S09",12/22/2025,,"Amazon",96.49,,Posted,45973.82,"Shopping"
"S09",12/22/2025,,"Amazon",43.08,,Posted,46070.31,"Shopping"
"S09",12/21/2025,,"Sushihana",50.00,,Posted,46113.39,"Restaurants"
"S09",12/21/2025,,"Starbucks",13.45,,Posted,46163.39,"Coffee Shops"
"S09",12/21/2025,,"Cafe Comet San Marcos Ca",3.21,,Posted,46176.84,"Food &amp; Dining"
"S09",12/21/2025,,"The Salvation Army",31.00,,Posted,46180.05,"Charity"
"S09",12/20/2025,,"Amazon",32.15,,Posted,46211.05,"Shopping"
"S09",12/19/2025,,"Total Wine and More",32.37,,Posted,46243.20,"Alcohol &amp; Bars"
"S09",12/19/2025,,"Ulta Beauty",1.96,,Posted,46275.57,"Personal Care"
"S09",12/19/2025,,"Palomar Community",,6057.78,Posted,46277.53,"Paycheck"
"S09",12/18/2025,,"Palomar Col San",.90,,Posted,40219.75,"Books"
"S09",12/18/2025,,"AMC Theatres",22.86,,Posted,40220.65,"Movies &amp; DVDs"
"S09",12/18/2025,,"LAZ Parking",3.00,,Posted,40243.51,"Parking"
"S09",12/18/2025,,"Starbucks",12.20,,Posted,40246.51,"Coffee Shops"
"S09",12/15/2025,,"Stater Bros. Markets",13.92,,Posted,40258.71,"Groceries"
"S09",12/15/2025,,"City of Oceanside",5.40,,Posted,40272.63,"Utilities"
"S09",12/15/2025,,"Chevron",44.14,,Posted,40278.03,"Gas"
"S09",12/15/2025,,"The Salvation Army",4.00,,Posted,40322.17,"Charity"
"S09",12/14/2025,,"Starbucks",12.20,,Posted,40326.17,"Coffee Shops"
"S09",12/14/2025,,"Pitchers",33.20,,Posted,40338.37,"Restaurants"
"S09",12/12/2025,,"Palomar Col San",1.00,,Posted,40371.57,"Books"
"S09",12/10/2025,,"Loan Payment",20.00,,Posted,40372.57,"Financial"
"S09",12/10/2025,,"Cafe Comet San Marcos Ca",7.56,,Posted,40392.57,"Food &amp; Dining"
"S09",12/9/2025,,"Jalapenos Carmel Mount",31.31,,Posted,40400.13,"Fast Food"
"S09",12/8/2025,,"Fidelity Brokerage Services",875.00,,Posted,40431.44,"Transfer"
"S09",12/7/2025,,"Amazon",41.82,,Posted,41306.44,"Shopping"
"S09",12/7/2025,,"L&amp;L Hawaiian BBQ",18.58,,Posted,41348.26,"Fast Food"
"S09",12/7/2025,,"Bellychon",28.03,,Posted,41366.84,"Groceries"
"S09",12/7/2025,,"Sdnhm Bar Services San Diego Ca",39.65,,Posted,41394.87,"Alcohol &amp; Bars"
"S09",12/7/2025,,"Amazon Prime Membership",16.15,,Posted,41434.52,"Shopping"
"S09",12/6/2025,,"Amazon",10.76,,Posted,41450.67,"Shopping"
"S09",12/6/2025,,"Stater Bros. Markets",17.54,,Posted,41461.43,"Groceries"
"S09",12/6/2025,,"Stater Bros. Markets",9.77,,Posted,41478.97,"Groceries"
"S09",12/3/2025,,"Skullcandy.com",101.19,,Posted,41488.74,"Electronics &amp; Software"
"S09",12/3/2025,,"Palomarcol Palomar Co",53.00,,Posted,41589.93,"Gifts &amp; Donations"
"S09",12/3/2025,,"Palomar College Ar San Marcos Ca",48.94,,Posted,41642.93,"Shopping"
"S09",12/2/2025,,"Circle K",52.87,,Posted,41691.87,"Gas"
"S09",12/2/2025,,"Better Buzz Ran",8.96,,Posted,41744.74,"Restaurants"
"S09",12/1/2025,,"Amazon",21.54,,Posted,41753.70,"Shopping"
"S09",12/1/2025,,"Stater Bros. Markets",3.45,,Posted,41775.24,"Groceries"
"S09",11/30/2025,,"Skullcandy.com",3.20,,Posted,41778.69,"Electronics &amp; Software"
"S09",11/30/2025,,"Pitchers",79.19,,Posted,41781.89,"Restaurants"
"S09",11/30/2025,,"The Salvation Army",31.00,,Posted,41861.08,"Charity"
"S09",11/30/2025,,"Amazon",16.16,,Posted,41892.08,"Shopping"
"S09",11/30/2025,,"Amazon",7.85,,Posted,41908.24,"Shopping"
"S09",11/25/2025,,"Wings N Things",47.69,,Posted,41916.09,"Fast Food"
"S09",11/25/2025,,"Palomar Community",,6057.78,Posted,41963.78,"Paycheck"
"S09",11/24/2025,,"Amazon",5.11,,Posted,35906.00,"Shopping"
"S09",11/24/2025,,"Wetzel's Pretzels",16.77,,Posted,35911.11,"Fast Food"
"S09",11/23/2025,,"Marshalls",45.23,,Posted,35927.88,"Shopping"
"S09",11/23/2025,,"Starbucks",12.20,,Posted,35973.11,"Coffee Shops"
"S09",11/23/2025,,"Pitchers",44.72,,Posted,35985.31,"Restaurants"
"S09",11/21/2025,,"Shabu Works Mira",97.00,,Posted,36030.03,"Restaurants"
"S09",11/19/2025,,"Boba Bar Convoy San Diego Ca",13.32,,Posted,36127.03,"Fast Food"
"S09",11/18/2025,,"Cocina Del Barrio",15.00,,Posted,36140.35,"Restaurants"
"S09",11/17/2025,,"Carbones Pizza and Spo",170.00,,Posted,36155.35,"Food &amp; Dining"
"S09",11/17/2025,,"Amazon",15.07,,Posted,36325.35,"Shopping"
"S09",11/17/2025,,"Amazon",9.37,,Posted,36340.42,"Shopping"
"S09",11/17/2025,,"Amazon",10.76,,Posted,36349.79,"Shopping"
"S09",11/16/2025,,"High Flying Foods",18.26,,Posted,36360.55,"Food &amp; Dining"
"S09",11/16/2025,,"Pitchers",47.26,,Posted,36378.81,"Restaurants"
"S09",11/13/2025,,"Wings N Things",50.15,,Posted,36426.07,"Fast Food"
"S09",11/13/2025,,"Cazadores Mexican Gril",25.75,,Posted,36476.22,"Restaurants"
"S09",11/13/2025,,"Chevron",53.13,,Posted,36501.97,"Gas"
"S09",11/11/2025,,"Stater Bros. Markets",12.26,,Posted,36555.10,"Groceries"
"S09",11/9/2025,,"Bloom Inc",44.76,,Posted,36567.36,"Shopping"
"S09",11/9/2025,,"Starbucks",9.70,,Posted,36612.12,"Coffee Shops"
"S09",11/9/2025,,"Storum Ranch Cider Julian Ca",12.94,,Posted,36621.82,"Alcohol &amp; Bars"
"S09",11/8/2025,,"Amazon",81.88,,Posted,36634.76,"Shopping"
"S09",11/8/2025,,"Stater Bros. Markets",18.74,,Posted,36716.64,"Groceries"
"S09",11/7/2025,,"Fidelity Brokerage Services",875.00,,Posted,36735.38,"Transfer"
"S09",11/6/2025,,"Amazon Prime Membership",16.15,,Posted,37610.38,"Shopping"
"S09",11/4/2025,,"AT&amp;T",85.25,,Posted,37626.53,"Bills &amp; Utilities"
"S09",11/4/2025,,"Amazon",28.02,,Posted,37711.78,"Shopping"
"S09",11/3/2025,,"Recurring Hotroute Tips",14.99,,Posted,37739.80,"Entertainment"
"S09",11/3/2025,,"Foreign Transaction Fee",1.80,,Posted,37754.79,"Banking Fee"
"S09",11/3/2025,,"Dbrand Toronto",89.85,,Posted,37756.59,"Electronics &amp; Software"
"S09",11/2/2025,,"Loan Payment",877.72,,Posted,37846.44,"Financial"
"S09",10/31/2025,,"Rakiraki Ramen Ra",143.65,,Posted,38724.16,"Restaurants"
"S09",10/30/2025,,"Palomar Community",,6057.78,Posted,38867.81,"Paycheck"
"S09",10/27/2025,,"Amazon",12.55,,Posted,32810.03,"Shopping"
"S09",10/27/2025,,"Circle K",53.53,,Posted,32822.58,"Gas"
"S09",10/26/2025,,"Starbucks",6.45,,Posted,32876.11,"Coffee Shops"
"S09",10/24/2025,,"Epicwings",29.79,,Posted,32882.56,"Fast Food"
"S09",10/23/2025,,"Palomar Col San",3.04,,Posted,32912.35,"Books"
"S09",10/23/2025,,"Better Buzz Ran",7.46,,Posted,32915.39,"Restaurants"
"S09",10/23/2025,,"Cafe Comet San Marcos Ca",4.30,,Posted,32922.85,"Food &amp; Dining"
"S09",10/22/2025,,"Cafe Comet San Marcos Ca",11.36,,Posted,32927.15,"Food &amp; Dining"
"S09",10/22/2025,,"Sprouts Farmers Market",14.98,,Posted,32938.51,"Groceries"
"S09",10/21/2025,,"Apple",63.57,,Posted,32953.49,"Electronics &amp; Software"
"S09",10/19/2025,,"Starbucks",12.20,,Posted,33017.06,"Coffee Shops"
"S09",10/19/2025,,"Jungle Snacks",8.68,,Posted,33029.26,"Entertainment"
"S09",10/16/2025,,"National Entertainment Network",5.15,,Posted,33037.94,"Entertainment"
"S09",10/16/2025,,"Oceanside Parking Lot",7.00,,Posted,33043.09,"Parking"
"S09",10/16/2025,,"Cafe Comet San Marcos Ca",3.66,,Posted,33050.09,"Food &amp; Dining"
"S09",10/14/2025,,"Better Buzz Ran",6.89,,Posted,33053.75,"Restaurants"
"S09",10/12/2025,,"Starbucks",6.45,,Posted,33060.64,"Coffee Shops"
"S09",10/12/2025,,"Cafe Comet San Marcos Ca",2.14,,Posted,33067.09,"Food &amp; Dining"
"S09",10/12/2025,,"Chevron",57.30,,Posted,33069.23,"Gas"
"S09",10/10/2025,,"Stater Bros. Markets",23.25,,Posted,33126.53,"Groceries"
"S09",10/9/2025,,"Palomar Col San",.90,,Posted,33149.78,"Books"
"S09",10/9/2025,,"Amazon",21.53,,Posted,33150.68,"Shopping"
"S09",10/9/2025,,"Amazon",32.31,,Posted,33172.21,"Shopping"
"S09",10/8/2025,,"Jalapenos Carmel Mount",42.13,,Posted,33204.52,"Fast Food"
"S09",10/8/2025,,"Amazon",6.89,,Posted,33246.65,"Shopping"
"S09",10/7/2025,,"Fidelity Brokerage Services",875.00,,Posted,33253.54,"Transfer"
"S09",10/6/2025,,"Carl's Jr.",34.96,,Posted,34128.54,"Fast Food"
"S09",10/6/2025,,"German American Societ",32.96,,Posted,34163.50,"Gifts &amp; Donations"
"S09",10/6/2025,,"Amazon",16.15,,Posted,34196.46,"Shopping"
"S09",10/5/2025,,"Starbucks",12.20,,Posted,34212.61,"Coffee Shops"
"S09",10/5/2025,,"Amazon",41.48,,Posted,34224.81,"Shopping"
"S09",10/3/2025,,"ATM Withdrawal Carmel Mt",20.00,,Posted,34266.29,"Cash"
"S09",10/3/2025,,"Palomar Col San",3.99,,Posted,34286.29,"Books"
"S09",10/3/2025,,"Recurring Hotroute Tips",14.99,,Posted,34290.28,"Entertainment"
"S09",9/30/2025,,"Stater Bros. Markets",8.39,,Posted,34305.27,"Groceries"
"S09",9/29/2025,,"Palomar Community",,6089.42,Posted,34313.66,"Paycheck"
"S09",9/26/2025,,"Withdrawal Debit Card STARBUCKS SEATTLE WADate 09/24/25 0 5267392658 0 5814Card 2637Merchant Category Code: 5814",12.20,,Posted,28224.24,""
"S09",9/22/2025,,"Amazon",54.95,,Posted,28236.44,"Shopping"
"S09",9/21/2025,,"Starbucks",6.45,,Posted,28291.39,"Coffee Shops"
"S09",9/10/2025,,"Amazon",37.92,,Posted,28297.84,"Shopping"
"S09",9/8/2025,,"Fidelity Brokerage Services",875.00,,Posted,28335.76,"Transfer"
"S09",9/7/2025,,"Amazon Prime Membership",16.15,,Posted,29210.76,"Shopping"
"S09",9/7/2025,,"Chevron",18.07,,Posted,29226.91,"Gas"
"S09",9/4/2025,,"Withdrawal POS #000000118370 STR SPROUTS FARMERS MKT#203 149 S. LASPOSAS ROAD SAN MARCOS CACard 2637Merchant Category Code: 5411",10.49,,Posted,29244.98,""
"S09",9/3/2025,,"Recurring Withdrawal Debit Card HOTROUTE.TIPS LEESBURG VADate 09/02/25 0 5245427281 0 5816Card 2637Merchant Category Code: 5816",14.99,,Posted,29255.47,""
"S09",9/3/2025,,"Withdrawal Debit Card DELTA 0062361662968 DELTA.COM CADate 09/02/25 0 5245470292 0 3058Card 2637Merchant Category Code: 3058",318.97,,Posted,29270.46,""
"S09",9/1/2025,,"Withdrawal Debit Card DAVES HOT CHICKEN 1004 SAN DIEGO CADate 08/31/25 0 5243410982 0 5812Card 2637Merchant Category Code: 5812",15.07,,Posted,29589.43,""
"S09",9/1/2025,,"Withdrawal Debit Card TST*MOONSHINE BEACH - SAN DIEGO CADate 08/31/25 0 5243393021 0 5813Card 2637Merchant Category Code: 5813",30.88,,Posted,29604.50,""
"S09",8/31/2025,,"Withdrawal Debit Card STARBUCKS SEATTLE WADate 08/29/25 0 5241396541 0 5814Card 2637Merchant Category Code: 5814",12.20,,Posted,29635.38,""
"S09",8/30/2025,,"Withdrawal POS #000000889387 STR TOTALWINE 1130 POS 11940 CARMEL MTNRD#102 SAN DIEGO CACard 2637Merchant Category Code: 5921",48.09,,Posted,29647.58,""
"S09",8/29/2025,,"Withdrawal Debit Card TST*HARLAND BREWING SC SAN DIEGO CADate 08/27/25 0 5239386766 0 5812Card 2637Merchant Category Code: 5812",92.73,,Posted,29695.67,""
"S09",8/28/2025,,"Withdrawal POS #000000067103 STR STATERBROS167 9909 CARMEL MOUNTAINSAN DIEGO CACard 2637Merchant Category Code: 5411",4.99,,Posted,29788.40,""
"S09",8/28/2025,,"Withdrawal Online Banking Transfer",113.06,,Posted,29793.39,""
"S09",8/28/2025,,"Withdrawal Online Banking Transfer",20.00,,Posted,29906.45,""
"S09",8/28/2025,,"Deposit ACH PALOMAR COMMUNIT TYPE: PAYROLL ID: 1153028000CO: PALOMAR COMMUNIT",,6089.41,Posted,29926.45,""
"S09",8/26/2025,,"Withdrawal Debit Card MIRA MESA LANES SAN DIEGO CADate 08/23/25 0 5235138821 0 7933Card 2637Merchant Category Code: 7933",54.28,,Posted,23837.04,""
"S09",8/26/2025,,"Withdrawal Debit Card MIRA MESA LANES SAN DIEGO CADate 08/23/25 0 5235138820 0 7933Card 2637Merchant Category Code: 7933",4.60,,Posted,23891.32,""
"S09",8/25/2025,,"Withdrawal Debit Card EXXON CIRCLE K 09485 SAN DIEGO CADate 08/23/25 0 5235394569 0 5541Card 2637Merchant Category Code: 5541",5.50,,Posted,23895.92,""
"S09",8/24/2025,,"Withdrawal Debit Card CHEVRON 0352017 SAN MARCOS CADate 08/22/25 0 5234537015 1 5541Card 2637Merchant Category Code: 5541",1.61,,Posted,23901.42,""
"S09",8/21/2025,,"Withdrawal Debit Card SQ *MR GREEK LUNCH TRU VISTA CADate 08/20/25 0 5232134281 0 5814Card 2637Merchant Category Code: 5814",32.32,,Posted,23903.03,""
"S09",8/20/2025,,"Withdrawal Debit Card RUBIO&amp;aposS #139 POWAY CADate 08/19/25 0 5231349633 0 5814Card 2637Merchant Category Code: 5814",10.08,,Posted,23935.35,""
"S09",8/18/2025,,"Withdrawal Debit Card SALVATION ARMY 670 ST0 SAN DIEGO CADate 08/17/25 0 5229362802 0 8398Card 2637Merchant Category Code: 8398",17.50,,Posted,23945.43,""
"S09",8/18/2025,,"Withdrawal Debit Card SALVATION ARMY 670 ST0 SAN DIEGO CADate 08/17/25 0 5229362799 0 8398Card 2637Merchant Category Code: 8398",24.99,,Posted,23962.93,""
"S09",8/17/2025,,"Withdrawal Debit Card STARBUCKS 800-782-7282 800-782-7282 WADate 08/15/25 0 5227528222 1 5814Card 2637Merchant Category Code: 5814",6.45,,Posted,23987.92,""
"S09",8/15/2025,,"Withdrawal Debit Card GENIE CAR WASH - CARME SAN DIEGO CADate 08/14/25 0 5226511288 0 7542Card 2637Merchant Category Code: 7542",12.00,,Posted,23994.37,""
"S09",8/14/2025,,"Withdrawal POS #000000199388 STR SPROUTS FARMERS MKT#203 149 S. LASPOSAS ROAD SAN MARCOS CACard 2637Merchant Category Code: 5411",9.49,,Posted,24006.37,""
"S09",8/13/2025,,"Withdrawal Debit Card HABIBI MARKET SAN FRANCISC CADate 08/11/25 0 5223409654 0 5411Card 2637Merchant Category Code: 5411",13.76,,Posted,24015.86,""
"S09",8/13/2025,,"Withdrawal Debit Card CHEVRON 0096929 SAN DIEGO CADate 08/12/25 0 5224384392 0 5542Card 2637Merchant Category Code: 5542",54.17,,Posted,24029.62,""
"S09",8/12/2025,,"Withdrawal Debit Card HARAJUKU SUSHI CHICAGO ILDate 08/11/25 0 5223391520 0 5812Card 2637Merchant Category Code: 5812",33.34,,Posted,24083.79,""
"S09",8/12/2025,,"Withdrawal Debit Card POPEYES 2794 SAN FRANCISC CADate 08/10/25 0 5222486166 0 5814Card 2637Merchant Category Code: 5814",12.78,,Posted,24117.13,""
"S09",8/12/2025,,"Withdrawal Debit Card A &amp;amp; E GREEN SOLUTIONS SAN FRANCISC CADate 08/10/25 0 5222146509 0 5999Card 2637Merchant Category Code: 5999",17.16,,Posted,24129.91,""
"S09",8/11/2025,,"Withdrawal Debit Card OUTSIDE LANDS (BEV) LOS ANGELES CADate 08/10/25 0 5222453016 0 5699Card 2637Merchant Category Code: 5699",38.56,,Posted,24147.07,""
"S09",8/11/2025,,"Withdrawal Debit Card OUTSIDE LANDS (BEV) LOS ANGELES CADate 08/10/25 0 5222114326 0 5699Card 2637Merchant Category Code: 5699",20.64,,Posted,24185.63,""
"S09",8/11/2025,,"Withdrawal Debit Card DURTY NELLYS SAN FRANCISC CADate 08/09/25 0 5221451708 0 5813Card 2637Merchant Category Code: 5813",35.00,,Posted,24206.27,""
"S09",8/11/2025,,"Withdrawal Debit Card MADRONE ART BAR SAN FRANCISC CADate 08/08/25 0 5220412047 0 5813Card 2637Merchant Category Code: 5813",7.68,,Posted,24241.27,""
"S09",8/11/2025,,"Withdrawal Debit Card MADRONE ART BAR SAN FRANCISC CADate 08/08/25 0 5220412046 0 5813Card 2637Merchant Category Code: 5813",34.59,,Posted,24248.95,""
"S09",8/11/2025,,"Withdrawal Debit Card SQ *BOB&amp;aposS DONUTS ON BA SAN FRANCISC CADate 08/10/25 0 5222390825 0 5814Card 2637Merchant Category Code: 5814",4.75,,Posted,24283.54,""
"S09",8/10/2025,,"Withdrawal Adjustment Credit Voucher FRONTIER KHFS6A DENVER CODate 08/08/25 0 5220918711 1 3132Card 2637Merchant Category Code: 3132",,88.14,Posted,24288.29,""
"S09",8/10/2025,,"Withdrawal Debit Card POPEYES 2794 SAN FRANCISC CADate 08/08/25 0 5220489658 0 5814Card 2637Merchant Category Code: 5814",15.69,,Posted,24200.15,""
"S09",8/10/2025,,"Withdrawal Debit Card WHOLEFDS STN 10362 SAN FRANCISC CADate 08/09/25 0 5221489127 0 5411Card 2637Merchant Category Code: 5411",6.71,,Posted,24215.84,""
"S09",8/10/2025,,"Withdrawal Debit Card OUTSIDE LANDS FESTIVAL BERKELEY CADate 08/09/25 0 5221363500 0 5699Card 2637Merchant Category Code: 5699",19.12,,Posted,24222.55,""
"S09",8/10/2025,,"Withdrawal Debit Card OUTSIDE LANDS (BEV) LOS ANGELES CADate 08/09/25 0 5221363479 0 5699Card 2637Merchant Category Code: 5699",67.30,,Posted,24241.67,""
"S09",8/10/2025,,"Withdrawal Debit Card SQ *MATCHING HALF SAN FRANCISC CADate 08/09/25 0 5221412194 0 5814Card 2637Merchant Category Code: 5814",5.25,,Posted,24308.97,""
"S09",8/7/2025,,"Withdrawal ACH FID BKG SVC LLC TYPE: MONEYLINE ID: 0368004600CO: FID BKG SVC LLC",875.00,,Posted,24314.22,""
"S09",8/6/2025,,"Recurring Withdrawal Debit Card AMAZON PRIME*OE81T7DL3 AMZN.COM/BIL WADate 08/05/25 0 5217147310 0 5968Card 2637Merchant Category Code: 5968",16.15,,Posted,25189.22,""
"S09",8/4/2025,,"Withdrawal Debit Card TST* MODERN TIMES - FL SAN DIEGO CADate 08/03/25 0 5215453843 0 5813Card 2637Merchant Category Code: 5813",10.69,,Posted,25205.37,""
"S09",8/4/2025,,"Withdrawal Debit Card LAZ PARKING ECOMMERCE HARTFORD CTDate 08/02/25 0 5214438386 0 7523Card 2637Merchant Category Code: 7523",8.95,,Posted,25216.06,""
"S09",8/4/2025,,"Withdrawal POS #000000632000 STR AMAZON.COM*9N85A99D3 SEATTLE WACard 2637Merchant Category Code: 5942",19.37,,Posted,25225.01,""
"S09",8/4/2025,,"Withdrawal POS #000000578555 STR AMAZON.COM*186GP82A3 SEATTLE WACard 2637Merchant Category Code: 4816",21.54,,Posted,25244.38,""
"S09",8/3/2025,,"Withdrawal Debit Card HOTROUTE.TIPS LEESBURG VADate 08/02/25 0 5214478033 0 5816Card 2637Merchant Category Code: 5816",11.99,,Posted,25265.92,""
"S09",8/3/2025,,"Withdrawal Debit Card STARBUCKS SEATTLE WADate 08/01/25 0 5213399938 0 5814Card 2637Merchant Category Code: 5814",16.00,,Posted,25277.91,""
"S09",8/3/2025,,"Withdrawal Debit Card TST*TACO STAND NORTH P SAN DIEGO CADate 08/02/25 0 5214451966 0 5812Card 2637Merchant Category Code: 5812",17.41,,Posted,25293.91,""
"S09",8/3/2025,,"Withdrawal Online Banking Transfer",191.17,,Posted,25311.32,""
"S09",7/30/2025,,"Deposit ACH PALOMAR COMMUNIT TYPE: PAYROLL ID: 1153028000CO: PALOMAR COMMUNIT",,6089.41,Posted,25502.49,""
"S09",7/28/2025,,"Withdrawal Debit Card FANATICS-VIKINGS LOCKE SAINT PAUL MNDate 07/26/25 0 5207404802 0 7941Card 2637Merchant Category Code: 7941",49.99,,Posted,19413.08,""
"S09",7/28/2025,,"Withdrawal Debit Card JACKSON S HOLE MINNEAPOLIS MNDate 07/26/25 0 5207123095 0 5812Card 2637Merchant Category Code: 5812",14.00,,Posted,19463.07,""
"S09",7/28/2025,,"Withdrawal Debit Card TARGET FIELD CONCESSIO MINNEAPOLIS MNDate 07/26/25 0 5207373980 0 5814Card 2637Merchant Category Code: 5814",36.06,,Posted,19477.07,""
"S09",7/27/2025,,"Withdrawal Debit Card EXXON CIRCLE K 09423 SAN DIEGO CADate 07/25/25 0 5206476360 0 5542Card 2637Merchant Category Code: 5542",47.33,,Posted,19513.13,""
"S09",7/27/2025,,"Withdrawal Debit Card EXXON CIRCLE K 09423 SAN DIEGO CADate 07/25/25 0 5206476101 0 5541Card 2637Merchant Category Code: 5541",2.29,,Posted,19560.46,""
"S09",7/27/2025,,"Withdrawal Debit Card SEATGEEK TICKETS NEW YORK NYDate 07/26/25 0 5207114160 0 7922Card 2637Merchant Category Code: 7922",87.85,,Posted,19562.75,""
"S09",7/27/2025,,"Withdrawal Debit Card HUDSON/TECH ST 1514 SAN DIEGO CADate 07/25/25 0 5206871470 1 5994Card 2637Merchant Category Code: 5994",5.99,,Posted,19650.60,""
"S09",7/27/2025,,"Withdrawal Debit Card BUFFALO WILD WNGS 0123 SAVAGE MNDate 07/26/25 0 5207413333 0 5813Card 2637Merchant Category Code: 5813",55.00,,Posted,19656.59,""
"S09",7/27/2025,,"Withdrawal Debit Card SQ *HY-VEE EAGAN 1165 EAGAN MNDate 07/26/25 0 5207399720 0 5814Card 2637Merchant Category Code: 5814",8.80,,Posted,19711.59,""
"S09",7/26/2025,,"Withdrawal POS #000011209273 WALGREENS 1274 TOWN CE 1274 TOWN CENTREEAGAN MNCard 2637Merchant Category Code: 5912",11.33,,Posted,19720.39,""
"S09",7/26/2025,,"Withdrawal POS #000043797422 STR PERKINS RESTAURANT 1345 TOWN CENTREEAGAN MNCard 2637Merchant Category Code: 5812",53.65,,Posted,19731.72,""
"S09",7/25/2025,,"Withdrawal Debit Card STARBUCKS 800-782-7282 SEATTLE WADate 07/23/25 0 5204414115 0 5814Card 2637Merchant Category Code: 5814",14.65,,Posted,19785.37,""
"S09",7/21/2025,,"Withdrawal Debit Card SQ *THE BRAZILIAN GUYS SAN DIEGO CADate 07/20/25 0 5201113112 0 5499Card 2637Merchant Category Code: 5499",18.41,,Posted,19800.02,""
"S09",7/20/2025,,"Withdrawal Debit Card MCDONALDS 5416 SAN DIEGO CADate 07/19/25 0 5200436943 0 5814Card 2637Merchant Category Code: 5814",11.25,,Posted,19818.43,""
"S09",7/18/2025,,"Withdrawal Debit Card EXXON CIRCLE K 09423 SAN DIEGO CADate 07/16/25 0 5197526999 0 5542Card 2637Merchant Category Code: 5542",49.82,,Posted,19829.68,""
"S09",7/18/2025,,"Withdrawal POS #000000064922 STR PLAYSTATION.COM PLAYSTATION.C CACard 2637Merchant Category Code: 5818",69.99,,Posted,19879.50,""
"S09",7/17/2025,,"Withdrawal Debit Card STARBUCKS 800-782-7282 800-782-7282 WADate 07/16/25 0 5197143049 0 5814Card 2637Merchant Category Code: 5814",6.45,,Posted,19949.49,""
"S09",7/17/2025,,"Withdrawal Debit Card TARGET 00028555 SAN DIEGO CADate 07/16/25 0 5197486631 0 5411Card 2637Merchant Category Code: 5411",1.93,,Posted,19955.94,""
"S09",7/16/2025,,"Withdrawal Debit Card TST* KNOTTY BARREL - B SAN DIEGO CADate 07/15/25 0 5196426500 0 5812Card 2637Merchant Category Code: 5812",70.00,,Posted,19957.87,""
"S09",7/15/2025,,"Withdrawal Debit Card FGT*OUTSIDELANDSTIX 8885127469 TXDate 07/15/25 0 5196507424 0 7922Card 2637Merchant Category Code: 7922",552.38,,Posted,20027.87,""
"S09",7/15/2025,,"Withdrawal Debit Card MIRA MESA LANES SAN DIEGO CADate 07/12/25 0 5193138029 0 7933Card 2637Merchant Category Code: 7933",85.10,,Posted,20580.25,""
"S09",7/15/2025,,"Withdrawal Debit Card MIRA MESA LANES SAN DIEGO CADate 07/12/25 0 5193138028 0 7933Card 2637Merchant Category Code: 7933",33.60,,Posted,20665.35,""
"S09",7/15/2025,,"Withdrawal Debit Card FRONTIER KHFS6A DENVER CODate 07/14/25 0 5195471270 0 3132Card 2637Merchant Category Code: 3132",127.28,,Posted,20698.95,""
"S09",7/14/2025,,"Withdrawal Debit Card EXXON CIRCLE K 09485 SAN DIEGO CADate 07/12/25 0 5193400315 0 5541Card 2637Merchant Category Code: 5541",8.21,,Posted,20826.23,""
"S09",7/14/2025,,"Withdrawal Debit Card WINGS N THINGS SAN DIEGO CADate 07/12/25 0 5193385627 0 5814Card 2637Merchant Category Code: 5814",13.95,,Posted,20834.44,""
"S09",7/13/2025,,"Withdrawal Debit Card TST* BRIGANTINE POINT SAN DIEGO CADate 07/11/25 0 5192921633 1 5812Card 2637Merchant Category Code: 5812",57.86,,Posted,20848.39,""
"S09",7/13/2025,,"Withdrawal Debit Card STARBUCKS 800-782-7282 800-782-7282 WADate 07/11/25 0 5192001780 2 5814Card 2637Merchant Category Code: 5814",6.45,,Posted,20906.25,""
"S09",7/12/2025,,"Withdrawal Online Banking Transfer",1058.80,,Posted,20912.70,""
"S09",7/11/2025,,"Withdrawal POS #000000248158 STR AMAZON.COM*NR5YR54V0 SEATTLE WACard 2637Merchant Category Code: 4816",127.16,,Posted,21971.50,""
"S09",7/10/2025,,"Withdrawal Transfer To Loan 70",20.00,,Posted,22098.66,""
"S09",7/7/2025,,"Withdrawal ACH FID BKG SVC LLC TYPE: MONEYLINE ID: 0368004600CO: FID BKG SVC LLC",875.00,,Posted,22118.66,""
"S09",7/6/2025,,"Recurring Withdrawal Debit Card AMAZON PRIME*N38CQ0250 AMZN.COM/BIL WADate 07/05/25 0 5186103932 0 5968Card 2637Merchant Category Code: 5968",16.15,,Posted,22993.66,""
"S09",6/27/2025,,"Deposit ACH PALOMAR COMMUNIT TYPE: PAYROLL ID: 1153028000CO: PALOMAR COMMUNIT",,5844.66,Posted,23009.81,""
"S09",6/25/2025,,"Withdrawal POS #000004525630 COSTCO GAS #045 SAN DIEGO SAN DIEGO CACard 2637Merchant Category Code: 5542",51.38,,Posted,17165.15,""
"S09",6/22/2025,,"Withdrawal Adjustment Credit Voucher MARSHALLS #0452 SAN DIEGO CADate 06/19/25 0 5170869692 1 5310Card 2637Merchant Category Code: 5310",,14.00,Posted,17216.53,""
"S09",6/22/2025,,"Withdrawal Debit Card STARBUCKS 800-782-7282 SEATTLE WADate 06/19/25 0 5170794633 1 5814Card 2637Merchant Category Code: 5814",12.40,,Posted,17202.53,""
"S09",6/22/2025,,"Withdrawal Debit Card STARBUCKS 800-782-7282 800-782-7282 WADate 06/20/25 0 5171442408 0 5814Card 2637Merchant Category Code: 5814",9.40,,Posted,17214.93,""
"S09",6/20/2025,,"Withdrawal Debit Card T J MAXX #1310 SAN DIEGO CADate 06/19/25 0 5170518414 0 5310Card 2637Merchant Category Code: 5310",64.64,,Posted,17224.33,""
"S09",6/19/2025,,"Withdrawal POS #000000519661 STR ROAD RUNNE 5549 COPLEY DR SAN DIEGOCard 2637Merchant Category Code: 5661",145.41,,Posted,17288.97,""
"S09",6/19/2025,,"Withdrawal POS #000000700927 STR IKEA SAN DIEGO 2149 FENTON MARKETSAN DIEGO CACard 2637Merchant Category Code: 5712",107.74,,Posted,17434.38,""
"S09",6/16/2025,,"Withdrawal POS #000000330103 STR AMAZON.COM*NA0HZ6QI1 SEATTLE WACard 2637Merchant Category Code: 5942",44.58,,Posted,17542.12,""
"S09",6/15/2025,,"Withdrawal Debit Card STARBUCKS 800-782-7282 SEATTLE WADate 06/13/25 0 5164430568 0 5814Card 2637Merchant Category Code: 5814",9.40,,Posted,17586.70,""
"S09",6/14/2025,,"Withdrawal POS #000000925343 STR AMAZON.COM*NA5E45T20 SEATTLE WACard 2637Merchant Category Code: 5942",21.54,,Posted,17596.10,""
"S09",6/14/2025,,"Withdrawal POS #000000536188 STR AMAZON.COM*NA3F79J30 SEATTLE WACard 2637Merchant Category Code: 4816",21.01,,Posted,17617.64,""
"S09",6/12/2025,,"Withdrawal Debit Card MARGARITAVILLE SD VALE SAN DIEGO CADate 06/11/25 0 5162524615 0 7523Card 2637Merchant Category Code: 7523",53.00,,Posted,17638.65,""
"S09",6/12/2025,,"Withdrawal Debit Card STARBUCKS 07925 SAN DIEGO CADate 06/11/25 0 5162515653 0 5814Card 2637Merchant Category Code: 5814",7.45,,Posted,17691.65,""
"S09",6/11/2025,,"Withdrawal Debit Card SPOTHERO 844-356-8054 CHICAGO ILDate 06/10/25 0 5161150492 0 7523Card 2637Merchant Category Code: 7523",15.86,,Posted,17699.10,""
"S09",6/11/2025,,"Withdrawal Debit Card JALAPENOS CARMEL MOUNT SAN DIEGO CADate 06/10/25 0 5161499157 0 5814Card 2637Merchant Category Code: 5814",32.86,,Posted,17714.96,""
"S09",6/11/2025,,"Withdrawal Debit Card STARBUCKS 800-782-7282 800-782-7282 WADate 06/10/25 0 5161142766 0 5814Card 2637Merchant Category Code: 5814",6.45,,Posted,17747.82,""
"S09",6/9/2025,,"Withdrawal Debit Card KFC C191001 SAN DIEGO CADate 06/08/25 0 5159396522 0 5814Card 2637Merchant Category Code: 5814",10.76,,Posted,17754.27,""
"S09",6/9/2025,,"Withdrawal ACH FID BKG SVC LLC TYPE: MONEYLINE ID: 0368004600CO: FID BKG SVC LLC",875.00,,Posted,17765.03,""
"S09",6/8/2025,,"Withdrawal Debit Card SHELL OIL 10005889000 SAN DIEGO CADate 06/05/25 0 5156677812 1 5542Card 2637Merchant Category Code: 5542",35.47,,Posted,18640.03,""
"S09",6/8/2025,,"Withdrawal Debit Card STARBUCKS 800-782-7282 800-782-7282 WADate 06/06/25 0 5157440845 0 5814Card 2637Merchant Category Code: 5814",9.40,,Posted,18675.50,""
"S09",6/8/2025,,"Withdrawal POS #000000082172 STR AMAZON.COM*NH10D9UY2 SEATTLE WACard 2637Merchant Category Code: 4816",6.45,,Posted,18684.90,""
"S09",6/6/2025,,"Recurring Withdrawal Debit Card AMAZON PRIME*N63EW1KA1 AMZN.COM/BIL WADate 06/05/25 0 5156140381 0 5968Card 2637Merchant Category Code: 5968",16.15,,Posted,18691.35,""
"S09",6/2/2025,,"Withdrawal Debit Card STARBUCKS 800-782-7282 800-782-7282 WADate 06/01/25 0 5152429146 0 5814Card 2637Merchant Category Code: 5814",16.15,,Posted,18707.50,""
"S09",6/1/2025,,"Withdrawal Online Banking Transfer",1052.27,,Posted,18723.65,""
"S09",5/31/2025,,"Withdrawal POS #000017260574 TARGET T- 11990 LOS OS 11990 LOS OSOSVALLEY R San Luis Obis CACard 2637Merchant Category Code: 5411",39.76,,Posted,19775.92,""
"S09",5/29/2025,,"Deposit ACH PALOMAR COMMUNIT TYPE: PAYROLL ID: 1153028000CO: PALOMAR COMMUNIT",,5844.66,Posted,19815.68,""
"S09",5/27/2025,,"Withdrawal Debit Card STARBUCKS STORE 07925 SAN DIEGO CADate 05/25/25 0 5145380281 0 5814Card 2637Merchant Category Code: 5814",5.45,,Posted,13971.02,""
"S09",5/27/2025,,"Withdrawal Debit Card JACK IN THE BOX 0023 SAN DIEGO CADate 05/25/25 0 5145377471 0 5814Card 2637Merchant Category Code: 5814",3.22,,Posted,13976.47,""
"S09",5/25/2025,,"Withdrawal Debit Card JALAPENOS CARMEL MOUNT SAN DIEGO CADate 05/23/25 0 5143768937 1 5814Card 2637Merchant Category Code: 5814",26.61,,Posted,13979.69,""
"S09",5/19/2025,,"Withdrawal Debit Card MARSHALLS #0452 SAN DIEGO CADate 05/18/25 0 5138387449 0 5310Card 2637Merchant Category Code: 5310",62.44,,Posted,14006.30,""
"S09",5/7/2025,,"Withdrawal ACH FID BKG SVC LLC TYPE: MONEYLINE ID: 0368004600CO: FID BKG SVC LLC",875.00,,Posted,14068.74,""
"S09",5/6/2025,,"Recurring Withdrawal Debit Card AMAZON PRIME*NB3LH05R0 AMZN.COM/BIL WADate 05/05/25 0 5125137518 0 5968Card 2637Merchant Category Code: 5968",16.15,,Posted,14943.74,""
"S09",5/5/2025,,"Withdrawal POS #000000463180 STR AMAZON.COM*NB1XU8V40 SEATTLE WACard 2637Merchant Category Code: 4816",8.22,,Posted,14959.89,""
"S09",5/5/2025,,"Withdrawal POS #000000462514 STR AMAZON.COM*NB2XI6V10 SEATTLE WACard 2637Merchant Category Code: 4816",8.22,,Posted,14968.11,""
"S09",5/4/2025,,"Deposit Check Mobile Deposit REF: 61624593",,882.68,Posted,14976.33,""
"S09",5/3/2025,,"Withdrawal Online Banking Transfer",501.28,,Posted,14093.65,""
"S09",4/29/2025,,"Withdrawal POS #000000433506 7-ELEVEN 15883 Bernardo Cen US San DiegoCACard 2637Merchant Category Code: 5541",5.99,,Posted,14594.93,""
"S09",4/29/2025,,"Deposit ACH PALOMAR COMMUNIT TYPE: PAYROLL ID: 1153028000CO: PALOMAR COMMUNIT",,5844.66,Posted,14600.92,""
"S09",4/20/2025,,"Withdrawal Debit Card MCDONALDS 5416 SAN DIEGO CADate 04/18/25 0 5108764042 1 5814Card 2637Merchant Category Code: 5814",9.53,,Posted,8756.26,""
"S09",4/17/2025,,"Withdrawal POS #000000033907 STR DOLLARTREE 12369 POWAY RD POWAY CACard 2637Merchant Category Code: 5331",1.25,,Posted,8765.79,""
"S09",4/16/2025,,"Withdrawal ACH FRANCHISE TAX BO TYPE: PAYMENTS ID: 1282532045CO: FRANCHISE TAX BO",2150.00,,Posted,8767.04,""
"S09",4/16/2025,,"Withdrawal ACH IRS TYPE: USATAXPYMT ID: 3387702000 CO: IRS",801.00,,Posted,10917.04,""
"S09",4/15/2025,,"Withdrawal POS #000019389889 STATERBRO 9909 CARMEL 9909 CARMELRD SAN DIEGO CACard 2637Merchant Category Code: 5411",14.26,,Posted,11718.04,""
"S09",4/14/2025,,"Withdrawal Debit Card INTUIT *TURBOTAX CL.INTUIT.CO CADate 04/14/25 0 5104379030 0 5734Card 2637Merchant Category Code: 5734",143.00,,Posted,11732.30,""
"S09",4/13/2025,,"Withdrawal Debit Card VONS #4018 SAN DIEGO CADate 04/11/25 0 5101462433 0 5411Card 2637Merchant Category Code: 5411",8.48,,Posted,11875.30,""
"S09",4/13/2025,,"Withdrawal Online Banking Transfer",259.33,,Posted,11883.78,""
"S09",4/11/2025,,"Withdrawal Debit Card ISABELA S MEXICAN FOOD SANDIEGO CADate 04/09/25 0 5099425369 0 5814Card 2637Merchant Category Code: 5814",25.86,,Posted,12143.11,""
"S09",4/11/2025,,"Withdrawal Debit Card PITCHERS SAN DIEGO CADate 04/11/25 0 5101421092 0 5812Card 2637Merchant Category Code: 5812",79.89,,Posted,12168.97,""
"S09",4/10/2025,,"Withdrawal Debit Card CHEVRON 0352017 SAN MARCOS CADate 04/09/25 0 5099407082 0 5542Card 2637Merchant Category Code: 5542",44.16,,Posted,12248.86,""
"S09",4/10/2025,,"Withdrawal Debit Card SQ *K &amp;amp; J CAFETERIA IN SAN MARCOS CADate 04/09/25 0 5099390467 0 5814Card 2637Merchant Category Code: 5814",8.56,,Posted,12293.02,""
"S09",4/8/2025,,"Withdrawal Debit Card STARBUCKS STORE 14540 SAN FRANCISC CADate 04/06/25 0 5096366210 0 5814Card 2637Merchant Category Code: 5814",12.65,,Posted,12301.58,""
"S09",4/8/2025,,"Withdrawal Debit Card HABIBI MARKET SAN FRANCISC CADate 04/06/25 0 5096384464 0 5411Card 2637Merchant Category Code: 5411",20.74,,Posted,12314.23,""
"S09",4/7/2025,,"Withdrawal Debit Card MAD DOG IN THE FOG SAN FRANCISC CADate 04/05/25 0 5095460434 0 5813Card 2637Merchant Category Code: 5813",53.00,,Posted,12334.97,""
"S09",4/7/2025,,"Withdrawal Debit Card SQ *HOOK FISH CO SAN FRANCISC CADate 04/06/25 0 5096440833 0 5814Card 2637Merchant Category Code: 5814",20.64,,Posted,12387.97,""
"S09",4/6/2025,,"Withdrawal Debit Card CEP*HALF MOON BAY YC HALF MOON BA CADate 04/04/25 0 5094610732 1 7997Card 2637Merchant Category Code: 7997",10.00,,Posted,12408.61,""
"S09",4/6/2025,,"Recurring Withdrawal Debit Card AMAZON PRIME*8E62I68N3 AMZN.COM/BIL WADate 04/05/25 0 5095101900 0 5968Card 2637Merchant Category Code: 5968",16.15,,Posted,12418.61,""
"S09",4/6/2025,,"Withdrawal Debit Card HYATT REGENCY SAN FRAN BURLINGAME CADate 04/03/25 0 5093784428 1 3640Card 2637Merchant Category Code: 3640",520.74,,Posted,12434.76,""
"S09",4/4/2025,,"Withdrawal Debit Card HYATT REGENCY SF ARP F BURLINGAME CADate 04/02/25 0 5092418350 0 5812Card 2637Merchant Category Code: 5812",17.00,,Posted,12955.50,""
"S09",4/4/2025,,"Withdrawal Debit Card HYATT REGENCY SF ARP F BURLINGAME CADate 04/02/25 0 5092418347 0 5812Card 2637Merchant Category Code: 5812",21.00,,Posted,12972.50,""
"S09",4/4/2025,,"Withdrawal Debit Card HOTWIRE-SALES FINAL 866-468-9473 CADate 04/04/25 0 5094475787 0 4722Card 2637Merchant Category Code: 4722",91.38,,Posted,12993.50,""
"S09",4/4/2025,,"Withdrawal Debit Card HYATT REGENCY SF ARP F BURLINGAME CADate 04/02/25 0 5092418353 0 5812Card 2637Merchant Category Code: 5812",29.00,,Posted,13084.88,""
"S09",4/4/2025,,"Withdrawal Debit Card GIFTSHOPHYATTREGENCYSF BURLINGAME CADate 04/03/25 0 5093482922 0 5947Card 2637Merchant Category Code: 5947",40.58,,Posted,13113.88,""
"S09",4/3/2025,,"Withdrawal POS #000000815454 STR TRADER JOE S #170 TRADER JOES 170765BROA MILLBRAE CACard 2637Merchant Category Code: 5411",6.98,,Posted,13154.46,""
"S09",4/3/2025,,"Withdrawal Debit Card UNITED 0164485279932 HOUSTON TXDate 04/01/25 0 5091382744 0 3000Card 2637Merchant Category Code: 3000",40.00,,Posted,13161.44,""
"S09",4/3/2025,,"Withdrawal Debit Card HYATT REGENCY SF ARP F BURLINGAME CADate 04/01/25 0 5091416747 0 5812Card 2637Merchant Category Code: 5812",8.00,,Posted,13201.44,""
"S09",4/3/2025,,"Withdrawal Debit Card HYATT REGENCY SF ARP F BURLINGAME CADate 04/01/25 0 5091416748 0 5812Card 2637Merchant Category Code: 5812",32.78,,Posted,13209.44,""
"S09",4/3/2025,,"Withdrawal ATM Fee STR HYATT REGE 1333 BAYSHORE HWY.BURLINGAME CACard 2637Merchant Category Code: 6011",1.50,,Posted,13242.22,""
"S09",4/3/2025,,"Withdrawal ATM #000000001868 STR HYATT REGE 1333 BAYSHORE HWY.BURLINGAME CACard 2637Merchant Category Code: 6011",24.95,,Posted,13243.72,""
"S09",4/1/2025,,"Withdrawal Debit Card STARBUCKS STORE 05707 POWAY CADate 03/30/25 0 5089338896 0 5814Card 2637Merchant Category Code: 5814",5.45,,Posted,13268.67,""
"S09",3/30/2025,,"Withdrawal Debit Card DUKES LANE MARKET #97 HONOLULU HIDate 03/27/25 0 5086760830 1 5411Card 2637Merchant Category Code: 5411",1.56,,Posted,13274.12,""
"S09",3/30/2025,,"Withdrawal Debit Card DUKES LANE MARKET #97 HONOLULU HIDate 03/27/25 0 5086760831 1 5411Card 2637Merchant Category Code: 5411",6.27,,Posted,13275.68,""
"S09",3/30/2025,,"Withdrawal Debit Card SQ *STORE #11 - MAUKA HONOLULU HIDate 03/28/25 0 5087412877 1 4582Card 2637Merchant Category Code: 4582",7.98,,Posted,13281.95,""
"S09",3/30/2025,,"Withdrawal Debit Card ABC #66 HAWAII HONOLULU HIDate 03/28/25 0 5087487423 0 5999Card 2637Merchant Category Code: 5999",7.11,,Posted,13289.93,""
"S09",3/30/2025,,"Withdrawal Online Banking Transfer",557.68,,Posted,13297.04,""
"S09",3/29/2025,,"Withdrawal POS #000019080489 STATERBRO 9909 CARMEL 9909 CARMELRD SAN DIEGO CACard 2637Merchant Category Code: 5411",3.99,,Posted,13854.72,""
"S09",3/28/2025,,"Withdrawal Debit Card KELLEY O NEIL S HONOLULU HIDate 03/27/25 0 5086147383 0 5813Card 2637Merchant Category Code: 5813",21.60,,Posted,13858.71,""
"S09",3/28/2025,,"Withdrawal Debit Card ABC #70 HAWAII HONOLULU HIDate 03/26/25 0 5085451186 0 5999Card 2637Merchant Category Code: 5999",35.26,,Posted,13880.31,""
"S09",3/28/2025,,"Deposit ACH PALOMAR COMMUNIT TYPE: PAYROLL ID: 1153028000CO: PALOMAR COMMUNIT",,5844.67,Posted,13915.57,""
"S09",3/27/2025,,"Withdrawal Debit Card YARD HOUSE ZK 0108316 HONOLULU HIDate 03/26/25 0 5085142766 0 5812Card 2637Merchant Category Code: 5812",107.53,,Posted,8070.90,""
"S09",3/27/2025,,"Withdrawal POS #000000014390 STR AMAZON.COM*EG33T3Z43 SEATTLE WACard 2637Merchant Category Code: 5942",32.31,,Posted,8178.43,""
"S09",3/14/2025,,"Withdrawal Online Banking Transfer",682.87,,Posted,8210.74,""
"S09",3/11/2025,,"Withdrawal Debit Card STARBUCKS STORE 00556 SAN DIEGO CADate 03/09/25 0 5068335424 0 5814Card 2637Merchant Category Code: 5814",7.45,,Posted,8893.61,""
"S09",3/6/2025,,"Withdrawal POS #000000436165 STR AMAZON.COM*OD4T67E53 SEATTLE WACard 2637Merchant Category Code: 4816",60.26,,Posted,8901.06,""
"S09",3/3/2025,,"Withdrawal ACH FID BKG SVC LLC TYPE: MONEYLINE ID: 1035141383CO: FID BKG SVC LLC",7000.00,,Posted,8961.32,""
"S09",3/3/2025,,"Withdrawal Online Banking Transfer",719.56,,Posted,15961.32,""
"S09",3/2/2025,,"Withdrawal Debit Card STARBUCKS STORE 07925 SAN DIEGO CADate 02/28/25 0 5059821089 0 5814Card 2637Merchant Category Code: 5814",6.75,,Posted,16680.88,""
"S09",3/2/2025,,"Withdrawal Debit Card OUTBACK 0555 POWAY CADate 02/26/25 0 5057773939 0 5812Card 2637Merchant Category Code: 5812",85.00,,Posted,16687.63,""
"S09",2/28/2025,,"Withdrawal POS #000054759365 STR DISTRICT 6 GASTROBAR &amp;amp; 8242 MIRABOULEVAR SAN DIEGO CACard 2637Merchant Category Code: 5812",109.55,,Posted,16772.63,""
"S09",2/28/2025,,"Withdrawal Debit Card SQ *BROTHERS DIPS SAN DIEGO CADate 02/27/25 0 5058692645 0 5499Card 2637Merchant Category Code: 5499",18.00,,Posted,16882.18,""
"S09",2/27/2025,,"Deposit ACH PALOMAR COMMUNIT TYPE: PAYROLL ID: 1153028000CO: PALOMAR COMMUNIT",,5844.65,Posted,16900.18,""
"S09",2/10/2025,,"Withdrawal Online Banking Transfer",276.39,,Posted,11055.53,""
"S09",2/7/2025,,"Deposit PROVISIONAL CREDIT FOR FRAUD CLAIM",,31.14,Posted,11331.92,""
"S09",2/5/2025,,"Withdrawal Cash",200.00,,Posted,11300.78,""
"S09",2/4/2025,,"Withdrawal POS #000000707008 STR LITTLE CAESARS 3167-0001 1041 EWAY VISTA CACard 3215Merchant Category Code: 5814",31.14,,Posted,11500.78,""
"S09",2/1/2025,,"Withdrawal Online Banking Transfer",447.48,,Posted,11531.92,""
"S09",1/30/2025,,"Deposit ACH PALOMAR COMMUNIT TYPE: PAYROLL ID: 1153028000CO: PALOMAR COMMUNIT",,5844.67,Posted,11979.40,""
"S09",1/21/2025,,"Withdrawal Debit Card CHEVRON 0090576 VENTURA CADate 01/20/25 0 5020375549 0 5541Card 5939Merchant Category Code: 5541",3.38,,Posted,6134.73,""
"S09",1/21/2025,,"Withdrawal Debit Card CHEVRON 0090576 VENTURA CADate 01/20/25 0 5020375828 0 5542Card 5939Merchant Category Code: 5542",43.31,,Posted,6138.11,""
"S09",1/20/2025,,"Withdrawal Debit Card MCDONALDS 7582 CARLSBAD CADate 01/19/25 0 5019426576 0 5814Card 5939Merchant Category Code: 5814",3.44,,Posted,6181.42,""
"S09",1/20/2025,,"Withdrawal Debit Card CITY OF SLO PKG METER SAN LUIS OBI CADate 01/18/25 0 5018330652 0 9399Card 5939Merchant Category Code: 9399",6.75,,Posted,6184.86,""
"S09",1/20/2025,,"Withdrawal Debit Card SQ *HIGH STREET MARKET BAYWOOD-LOS CADate 01/19/25 0 5019095499 0 5814Card 5939Merchant Category Code: 5814",55.23,,Posted,6191.61,""
"S09",1/19/2025,,"Withdrawal POS #000019040683 TRADER JO TRADER JOES TRADER JOESHIG SAN LUIS OBIS CACard 5939Merchant Category Code: 5411",48.36,,Posted,6246.84,""
"S09",1/19/2025,,"Withdrawal Debit Card T J MAXX # 1154 SAN LUIS OBI CADate 01/18/25 0 5018389328 0 5310Card 5939Merchant Category Code: 5310",60.32,,Posted,6295.20,""
"S09",1/19/2025,,"Withdrawal Debit Card MCDONALD&amp;aposS F3478 ARROYO GRAND CADate 01/18/25 0 5018373411 0 5814Card 5939Merchant Category Code: 5814",7.54,,Posted,6355.52,""
"S09",1/18/2025,,"Withdrawal POS #000059080257 BEVERAGES &amp;amp; MOR SAN LUIS OBI SAN LUISCACard 5939Merchant Category Code: 5921",73.47,,Posted,6363.06,""
"S09",1/18/2025,,"Withdrawal POS #000000157505 STR CARMEN AUTO 256 CARMEN DR CAMARILLOCard 5939Merchant Category Code: 5542",49.72,,Posted,6436.53,""
"S09",1/14/2025,,"Withdrawal Debit Card PETCO PARK CONCESSIONS SAN DIEGO CADate 01/12/25 0 5012134471 0 5814Card 5939Merchant Category Code: 5814",76.83,,Posted,6486.25,""
"S09",1/14/2025,,"Recurring Withdrawal Bill Payment STR LA FITNESS 3161 MICHELSON DR, IRVINECACard 5939Merchant Category Code: 7997",39.99,,Posted,6563.08,""
"S09",1/13/2025,,"Withdrawal Debit Card SPOTHERO 844-356-8054 CHICAGO ILDate 01/12/25 0 5012401869 0 7523Card 5939Merchant Category Code: 7523",32.18,,Posted,6603.07,""
"S09",1/12/2025,,"Withdrawal POS #000085836737 STR GASLAMP SMOKE SHOP 419 F STREET SANDIEGO CACard 5939Merchant Category Code: 5993",79.78,,Posted,6635.25,""
"S09",1/8/2025,,"Withdrawal POS #000017476449 STATERBRO 9909 CARMEL 9909 CARMELRD SAN DIEGO CACard 5939Merchant Category Code: 5411",15.98,,Posted,6715.03,""
"S09",1/5/2025,,"Withdrawal Debit Card PP*FINBAR AND CAT LLC IDYLLWILD CADate 01/03/25 0 5003389159 1 5931Card 5939Merchant Category Code: 5931",6.52,,Posted,6731.01,""
"S09",1/4/2025,,"Recurring Withdrawal Bill Payment STR GEICO AU ONE GEICO PLAZA WASHINGTONCard 5939Merchant Category Code: 6300",60.97,,Posted,6737.53,""
"S09",1/3/2025,,"Withdrawal Debit Card TST* BAD ASS COFFEE - SAN DIEGO CADate 01/03/25 0 5003406516 0 5812Card 5939Merchant Category Code: 5812",5.50,,Posted,6798.50,""
"S09",1/1/2025,,"Withdrawal Debit Card JERSEY MIKES 20086 SAN DIEGO CADate 12/30/24 0 4365402456 0 5812Card 5939Merchant Category Code: 5812",82.39,,Posted,6804.00,""
"S09",12/28/2024,,"Recurring Withdrawal Bill Payment STR LA Fitness 3161 MICHELSON DR, IRVINECACard 5939Merchant Category Code: 7997",59.00,,Posted,6886.39,""
"S09",12/26/2024,,"Withdrawal Debit Card TM *JAMES TAYLOR HIS 800-653-8000 CADate 12/25/24 0 4360265136 0 7922Card 5939Merchant Category Code: 7922",217.40,,Posted,6945.39,""
"S09",12/24/2024,,"Deposit Check Mobile Deposit REF: 58472090",,958.99,Posted,7162.79,""
"S09",12/23/2024,,"Withdrawal Debit Card MCDONALDS 5416 SAN DIEGO CADate 12/22/24 0 4357441954 0 5814Card 5939Merchant Category Code: 5814",3.45,,Posted,6203.80,""
"S09",12/23/2024,,"Withdrawal POS #000000471529 STR AMAZON.COM*ZE3E54GF2 SEATTLE WACard 5939Merchant Category Code: 5942",53.88,,Posted,6207.25,""
"S09",12/22/2024,,"Withdrawal POS #000000972975 STR AMAZON.COM*ZE8R381D2 SEATTLE WACard 5939Merchant Category Code: 4816",33.39,,Posted,6261.13,""
"S09",12/21/2024,,"Withdrawal Online Banking Transfer",145.20,,Posted,6294.52,""
"S09",12/21/2024,,"Withdrawal Online Banking Transfer",10000.00,,Posted,6439.72,""
"S09",12/20/2024,,"Deposit ACH PALOMAR COMMUNIT TYPE: DIR DEP ID: 1153028000CO: PALOMAR COMMUNIT",,5807.14,Posted,16439.72,""
"S09",12/18/2024,,"Withdrawal Online Banking Transfer",4000.00,,Posted,10632.58,""
"S09",12/14/2024,,"Recurring Withdrawal Bill Payment STR LA FITNESS 3161 MICHELSON DR, IRVINECACard 5939Merchant Category Code: 7997",39.99,,Posted,14632.58,""
"S09",12/8/2024,,"Withdrawal Debit Card BEST PIZZA &amp;amp; BREW - CA SAN DIEGO CADate 12/07/24 0 4342460343 0 5812Card 5939Merchant Category Code: 5812",9.70,,Posted,14672.57,""
"S09",12/6/2024,,"Withdrawal Debit Card EPICWINGS SAN DIEGO CADate 12/05/24 0 4340333550 0 5814Card 5939Merchant Category Code: 5814",42.67,,Posted,14682.27,""
"S09",12/6/2024,,"Withdrawal POS #000000643712 STR AMAZON.COM*ZL2FG92M1 SEATTLE WACard 5939Merchant Category Code: 4816",75.30,,Posted,14724.94,""
"S09",12/4/2024,,"Recurring Withdrawal Bill Payment STR GEICO AU ONE GEICO PLAZA WASHINGTONCard 5939Merchant Category Code: 6300",61.82,,Posted,14800.24,""
"S09",12/3/2024,,"Withdrawal POS #000000052448 STR AMAZON.COM*ZL6S778F2 SEATTLE WACard 5939Merchant Category Code: 4816",21.54,,Posted,14862.06,""
"S09",12/1/2024,,"Withdrawal Online Banking Transfer",5000.00,,Posted,14883.60,""
"S09",12/1/2024,,"Withdrawal Online Banking Transfer",362.24,,Posted,19883.60,""
"S09",11/30/2024,,"Withdrawal Debit Card SQ *NEWTOPIA CYDER SAN DIEGO CADate 11/30/24 0 4335614686 0 5813Card 5939Merchant Category Code: 5813",49.60,,Posted,20245.84,""
"S09",11/29/2024,,"Withdrawal Debit Card PITCHERS SAN DIEGO CADate 11/27/24 0 4332107098 0 5812Card 5939Merchant Category Code: 5812",47.87,,Posted,20295.44,""
"S09",11/26/2024,,"Withdrawal POS #000000544499 ROCKET 660 12860 RANCHO PENAS US SANCACard 5939Merchant Category Code: 5542",20.30,,Posted,20343.31,""
"S09",11/26/2024,,"Deposit ACH PALOMAR COMMUNIT TYPE: DIR DEP ID: 1153028000CO: PALOMAR COMMUNIT",,5807.15,Posted,20363.61,""
"S09",11/19/2024,,"Recurring Withdrawal Card Fee FOREIGN TRANSACTION FEEDate 11/18/24 0 4323378877 0 5968Card 5939Merchant Category Code: 5968",.23,,Posted,14556.46,""
"S09",11/19/2024,,"Recurring Withdrawal Debit Card AMAZON PRIME*T96YI2QR4 AMZN.CO.UK/P GBDate 11/18/24 0 4323378877 0 5968Card 5939Merchant Category Code: 5968",11.43,,Posted,14556.69,""
"S09",11/17/2024,,"Withdrawal Debit Card MCDONALDS 5416 SAN DIEGO CADate 11/15/24 0 4320639763 1 5814Card 5939Merchant Category Code: 5814",3.45,,Posted,14568.12,""
"S09",11/15/2024,,"Withdrawal ATM Fee STR ROCKYS BURGER 3786 INGRAHAM ST SANDIEGO CACard 5939Merchant Category Code: 6011",1.50,,Posted,14571.57,""
"S09",11/15/2024,,"Withdrawal ATM #000000553562 STR ROCKYS BURGER 3786 INGRAHAM ST SANDIEGO CACard 5939Merchant Category Code: 6011",123.10,,Posted,14573.07,""
"S09",11/15/2024,,"Withdrawal ATM Fee STR INQ ROCKYS BURGER 3786 INGRAHAM STDIEGO CACard 5939Merchant Category Code: 6011",1.00,,Posted,14696.17,""
"S09",11/14/2024,,"Withdrawal POS #000000759422 STR AMAZON.COM*JH95B6NT3 SEATTLE WACard 5939Merchant Category Code: 5942",7.53,,Posted,14697.17,""
"S09",11/14/2024,,"Recurring Withdrawal Bill Payment STR LA FITNESS 3161 MICHELSON DR, IRVINECACard 5939Merchant Category Code: 7997",39.99,,Posted,14704.70,""
"S09",11/12/2024,,"Withdrawal POS #000019050143 STATERBRO 9909 CARMEL 9909 CARMELRD SAN DIEGO CACard 5939Merchant Category Code: 5411",33.34,,Posted,14744.69,""
"S09",11/10/2024,,"Withdrawal Debit Card MCDONALDS 23315 SAN MARCOS CADate 11/08/24 0 4313568048 1 5814Card 5939Merchant Category Code: 5814",6.34,,Posted,14778.03,""
"S09",11/10/2024,,"Withdrawal Debit Card CHEERS BAR AND GRILL SAN DIEGO CADate 11/09/24 0 4314093937 0 5813Card 5939Merchant Category Code: 5813",10.00,,Posted,14784.37,""
"S09",11/8/2024,,"Withdrawal POS #000013112846 STATERBRO 9909 CARMEL 9909 CARMELRD SAN DIEGO CACard 5939Merchant Category Code: 5411",13.97,,Posted,14794.37,""
"S09",11/6/2024,,"Withdrawal Debit Card CHILI&amp;aposS SCRIPPS GATEWA SAN DIEGO CADate 11/05/24 0 4310469578 0 5812Card 5939Merchant Category Code: 5812",45.22,,Posted,14808.34,""
"S09",11/6/2024,,"Withdrawal POS #000000381723 STR AMAZON.COM*5U2IL1R73 SEATTLE WACard 5939Merchant Category Code: 4816",7.53,,Posted,14853.56,""
"S09",11/4/2024,,"Withdrawal Debit Card EXXON CIRCLE K 09485 SAN DIEGO CADate 11/02/24 0 4307636097 0 5541Card 5939Merchant Category Code: 5541",.85,,Posted,14861.09,""
"S09",11/4/2024,,"Recurring Withdrawal Bill Payment STR GEICO AU ONE GEICO PLAZA WASHINGTONCard 5939Merchant Category Code: 6300",42.62,,Posted,14861.94,""
"S09",11/3/2024,,"Withdrawal Debit Card HARLAND SCRIPPS RANCH SAN DIEGO CADate 11/01/24 0 4306176496 0 5813Card 5939Merchant Category Code: 5813",23.52,,Posted,14904.56,""
"S09",11/3/2024,,"Withdrawal Debit Card T J MAXX #1310 SAN DIEGO CADate 11/02/24 0 4307618767 0 5310Card 5939Merchant Category Code: 5310",59.22,,Posted,14928.08,""
"S09",11/1/2024,,"Online Banking Transfer",374.58,,Posted,14987.30,"Transfer"